1667 2592
109 172 153 226 ²³4
261 169 593 216 METAMORPHOSEON
680 183 702 211 v.
715 183 751 212 as.

108 265 229 325 Armaque,v
230 275 346 318 equosque,
353 258 650 316 habitusque‚Cydoneasque
657 258 780 315 pharetras·

110 337 205 378 Noverat
214 345 264 378 ante
273 334 327 378 allos
336 333 414 377 faciem
424 333 486 376 ducis
495 331 605 388 Europam

109 408 160 452 Plus
170 409 247 459 etiam,
257 422 324 464 quam
334 422 396 450 nosse
405 415 439 450 sat
448 415 486 459 est.
496 405 632 462 Hacj'udice,
642 405 729 457 Minos,

110 485 153 528 Seu
162 493 228 540 caput
237 484 349 526 abdiderat
357 483 445 526 cristata
453 482 534 524 casside
543 481 630 537 pennis,

111 558 138 599 In
147 556 206 612 galea
216 553 325 598 formosus
334 564 394 598 erat:
404 569 442 597 seu
452 563 560 596 sumserat
569 567 610 595 aere

111 627 238 683 fulgentem
248 627 361 684 elypeum,
370 627 470 683 clypeum
480 626 582 669 sumsisse
591 626 691 669 decebat.

43 704 45 711 '
111 703 213 743 Torserat
221 700 320 743 adductis
329 699 413 743 hastilia
423 699 482 743 lenta
490 699 587 742 lacertis:

111 769 224 818 Laudabat
233 760 403 831 virgolwcmm
410 789 462 817 cum
472 774 553 817 viribus
563 785 640 817 artem.

111 844 217 903 lmposito
225 836 311 905 patulos
320 848 405 890 calamo
414 847 538 890 sinuaverat
546 861 622 889 arcus:

112 921 147 964 Sic
157 921 261 964 Phoebum
270 922 348 983 sumtis
354 920 446 977 jurabat
454 931 510 964 stare
520 920 608 976 sagittis.

113 996 189 1052 Quum
199 1007 249 1036 vero
259 992 337 1036 faciem
347 995 422 1038 demto
430 994 550 1037 nudaverat
558 1007 611 1047 aero,

114 1068 282 1122 Purpureusque
291 1065 334 1109 albi
344 1067 415 1109 stratis
426 1065 516 1122 insignia
526 1065 588 1123 pictis

115 1143 183 1197 Terga
193 1141 305 1196 premebat
314 1141 376 1197 equi,
385 1141 553 1198 spumantiaque
562 1155 600 1184 ora
610 1142 701 1198 regebat
710 1158 716 1184 ι

95 1272 96 1276 ¹
116 1215 158 1258 Vix
167 1228 218 1265 sua,
227 1213 262 1256 vix
271 1228 328 1257 sane
337 1214 397 1271 virgo
407 1214 479 1258 Niseia
487 1229 576 1271 campos

116 1289 195 1337 Mentis
204 1298 256 1332 crat.
266 1290 324 1332 Felix
329 1289 443 1347 jaculum,
453 1291 513 1347 quod
523 1289 678 1347 tangeremus,

117 1366 213 1422 Quaeque
223 1376 292 1409 manu
300 1375 417 1420 premeret,
428 1363 499 1407 felicia
508 1363 568 1406 irena
577 1365 678 1407 vocabas

117 1440 215 1494 Impetus
224 1447 257 1480 est
264 1438 295 1485 illi
306 1437 382 1494 (liceat
390 1438 482 1496 msdo),
492 1437 548 1481 ferre
557 1452 596 1495 per
604 1451 687 1494 agmen
756 1446 760 1453 “

118 1513 232 1568 Virgineos
242 1512 319 1555 hostile
328 1515 421 1567 gradus:
430 1523 462 1556 est
471 1514 566 1570 impetus
575 1512 617 1563 illi,

119 1586 226 1629 Turribus
235 1599 246 1627 e
255 1586 351 1628 summis
359 1587 380 1630 in
390 1587 469 1630 Gnosio
478 1587 564 1629 mittere
573 1600 654 1643 corpus

120 1660 205 1708 eastra
214 1658 248 1701 uel
257 1668 308 1702 arat
325 1660 398 1703 sbosti
408 1660 518 1703 recludere
527 1670 612 1716 portas,

121 1732 162 1775 Vel
170 1732 188 1774 si
198 1731 250 1787 quid
260 1733 330 1776 Minos
338 1733 398 1776 aliud
407 1718 464 1777 velit.
474 1735 544 1790 thue
553 1734 653 1783 sedebat,

123 1804 221 1849 Candida
230 1803 301 1847 nicasi
310 1815 409 1861 spectans
418 1807 511 1850 tentoria
520 1807 585 1862 regim

125 1896 138 1918 a
144 1881 216 1927 Laeter,
226 1877 267 1928 ait,
276 1878 390 1921 doleamne
399 1880 444 1935 geri
453 1878 591 1937 lacrymabile
600 1877 700 1932 bellum,

124 1954 150 1997 ln
159 1951 227 1994 dubio
236 1960 274 1993 est.
283 1951 360 2003 Doleo,
370 1954 429 2008 quod
439 1954 509 1996 Minos
518 1953 585 1996 bostis
595 1954 680 1995 amanti
691 1964 731 1996 est.

124 2027 165 2069 Sed
175 2025 216 2067 nisi
226 2024 282 2067 bella
291 2024 373 2080 forent,
383 2027 492 2084 numquid
503 2027 558 2070 mihi
567 2026 667 2082 cognitus
677 2033 747 2071 osset?

124 2101 159 2143 Me
169 2108 242 2141 tamen
251 2110 338 2155 accepta
347 2110 433 2156 poterat
441 2102 548 2158 deponere
558 2100 640 2143 bellum

126 2172 203 2217 Obside
213 2187 218 2213 :
228 2186 263 2218 me
273 2174 388 2229 comitem,
398 2189 434 2221 me
443 2175 501 2234 pacis
510 2175 589 2233 pignus
597 2175 699 2220 baberet.
