1667 2592
131 159 175 216 adli
283 160 618 206 Mtttttottrttosuott
662 217 665 228 Ι
691 167 777 209 edd&

127 251 181 293 Hinc
190 263 242 306 aper
250 250 332 294 excitus
342 250 426 293 medios
435 250 542 295 violentus
550 252 574 295 in
583 252 656 311 hoster

129 327 217 374 Fertur.
229 336 254 368 ut
263 326 356 368 excussis
365 325 411 368 elisi
421 326 518 369 nubibus
527 327 593 382 ignes.

132 399 241 442 Sternitur
249 398 340 442 incursu
348 382 440 444 nemus.
450 410 472 443 et
479 400 583 457 propulsa
591 400 706 457 fragorem

78 476 81 485 ’
129 471 187 515 Silva
196 474 239 516 dat.
251 473 377 517 Exclamant
382 473 488 530 juvenes,
497 485 645 532 praetentaque
654 476 710 522 forti

130 547 182 589 Tela
191 557 265 590 tenent
273 546 359 600 dextra,
369 548 413 592 lnto
422 549 530 593 vibrantia
540 549 605 593 ferro.

129 619 167 663 llle
177 620 232 670 ruit,
241 622 364 678 spargitque
374 636 450 681 canes,
460 632 485 666 ut
494 625 586 681 quisque
594 627 668 670 ruenti

131 694 219 741 Obstat.
230 704 251 737 et
261 695 351 751 obliquo
360 695 464 739 latrantes
473 697 563 754 dissipat
570 699 623 741 ictu.

130 766 207 822 Cuspis
216 767 321 809 Echionio
330 768 430 824 primum
440 779 539 813 contorta
548 770 629 814 lacerto

129 838 191 883 Vana
202 840 255 892 luit,
266 851 387 899 truncoque
396 844 455 886 dedit
464 844 509 886 lere
518 845 598 889 vulnus
607 860 694 890 acerno.

128 914 239 965 Proxima,
249 914 266 956 si
277 915 350 958 nimiis
360 916 466 959 mittentis
476 917 558 961 viribus
568 933 607 962 usa

129 988 180 1028 Non
190 986 256 1038 foret,
266 987 289 1029 in
300 998 360 1043 tergo
370 989 415 1031 visa
424 999 457 1032 est
465 990 551 1034 haesura
560 993 642 1048 petito:

130 1058 224 1113 Longius
233 1059 263 1101 it:
273 1068 351 1102 auctor
360 1059 396 1102 teli
406 1063 516 1117 Pagasaeus
525 1066 595 1108 lason.

131 1133 238 1185 «Phoebe,
249 1134 280 1177 ait
288 1126 428 1192 Ampycides,
437 1138 455 1179 si
466 1148 487 1181 te
495 1139 596 1196 coluique
605 1141 714 1199 coloque;

128 1209 160 1250 Da
171 1208 236 1260 milti,
246 1210 305 1265 quod
314 1209 406 1266 petitur,
415 1223 475 1256 certo
484 1215 609 1271 contingere
619 1217 669 1260 telo.
678 1236 691 1258 η

129 1283 178 1341 Qua
187 1283 270 1340 potuit,
280 1284 379 1341 precibus
388 1287 443 1330 Deus
452 1289 536 1332 adnuit.
545 1292 603 1333 lctus
612 1292 640 1333 ab
650 1291 701 1345 illo,

111 1412 112 1416 Ἰ
128 1358 169 1399 Sed
181 1358 335 1410 cineratum,
346 1374 408 1416 aper;
421 1361 504 1405 sermm
514 1364 581 1406 Diana
590 1364 674 1408 volanti

128 1428 252 1472 Abstulerat
257 1429 345 1486 jaculo:
356 1431 440 1488 lignum
452 1435 499 1477 siue
509 1436 610 1479 acumine
620 1438 687 1481 venit.

128 1502 163 1543 Ira
173 1500 212 1543 feri
223 1513 283 1545 mota
292 1513 336 1547 est:
347 1518 386 1549 nec
396 1504 490 1550 fulmine
499 1507 569 1551 lenius
579 1509 643 1553 arsit:

99 1605 101 1608 <
127 1576 173 1628 ιω
183 1576 250 1619 micat
259 1591 284 1620 ex
294 1578 373 1631 oculis,
383 1579 493 1636 spiratque
502 1596 514 1624 e
523 1593 609 1639 pectore
618 1583 721 1629 flamma.

128 1650 200 1704 thue
209 1649 268 1694 volat
277 1651 357 1703 moles,
367 1654 462 1698 adducto
471 1656 557 1699 concita
565 1671 644 1710 nervo,

127 1723 202 1778 Quum
211 1723 265 1778 petit
274 1733 313 1767 aut
322 1738 409 1777 muros,
418 1738 458 1771 aut
466 1727 540 1785 plenas
549 1729 619 1774 milite
629 1741 713 1785 turres3

126 1798 153 1839 ln
159 1795 251 1853 juvenes
261 1808 320 1842 vasto
331 1799 360 1842 sic
370 1800 452 1856 impete
461 1803 576 1847 vulnificus
588 1819 625 1848 sus

127 1871 215 1922 Fertur,
225 1880 247 1914 et
256 1858 392 1927 Eupalamon
401 1874 561 1932 Pelagonaqne,
571 1878 647 1923 dextra
656 1889 746 1926 tuentes

127 1946 225 1996 Cornua,
235 1947 362 2003 prosternit:
372 1949 426 1991 socii
435 1964 526 2006 rapuere
532 1950 636 2007 jacentes.

126 2020 154 2062 At
163 2033 207 2062 non
217 2020 312 2064 letiferos
321 2021 401 2080 effugit
408 2024 527 2069 Enaesimus
536 2026 603 2079 ictus,

128 2093 275 2149 Hippocoonte
285 2107 358 2140 satus:
370 2100 525 2157 trepidantem,
535 2111 557 2145 ct
566 2112 627 2160 terga
635 2109 757 2162 parantem

127 2166 227 2222 Vertere,
236 2170 319 2215 succiso
328 2171 440 2241 lipuerunt
449 2174 531 2232 poplite
540 2176 608 2220 uerri.

213 2314 218 2335 i
