1667 2592
78 176 163 220 metz.
302 177 402 221 tutta
420 177 496 218 vllt.
678 181 719 230 257

79 267 121 310 Illa
129 274 182 309 sunt
191 267 253 309 annis
259 267 332 323 Juncti
338 267 484 323 juvenilibus,
493 266 530 310 itta

78 342 218 384 Consonuere
227 354 288 382 casa:
298 350 493 397 paupertatemque
503 339 591 382 fatendo

77 412 176 456 Effecere
184 412 265 462 levem,
275 426 314 455 nec
323 412 397 468 iniqua
407 422 480 456 mente
489 411 609 455 ferendam.

78 488 125 529 Nec
135 486 211 537 refert,
221 486 322 529 dominos
331 485 386 536 issic,
396 485 520 528 famulosne
530 485 636 542 requiras3

79 562 135 603 Tota
145 561 224 602 domus
234 561 278 603 duo
287 570 351 603 sunt:
361 561 420 603 idern
429 570 548 616 parentque
554 559 683 617 jubentque.

110 635 166 688 Ergo
176 633 214 675 ubi
223 633 327 676 Coelicolae
337 647 413 688 parvos
423 633 510 689 tetigere
519 642 617 688 penates,

78 705 236 761 Submiseoque
244 705 338 748 humrles
346 706 457 748 intrarunt
466 705 543 747 vertice
552 715 634 760 postes3

78 778 179 820 Membra
188 791 251 820 senex
261 778 330 833 posito
336 777 402 833 jussit
412 777 504 820 relevare
514 777 587 819 sedili:

78 852 128 910 Quo
137 850 276 907 superinjecit
286 861 369 894 textum
379 851 433 893 rude
442 851 517 892 sedula
526 850 607 893 Baucis.

77 924 132 966 Inde
142 922 191 965 foco
201 924 300 979 tepidum
309 924 403 966 cinerem
413 922 518 966 dimovit:
528 933 549 966 et
558 922 617 978 ignes

76 998 172 1040 Suscitat
181 997 301 1045 hesternos;
311 996 410 1054 foliisque
420 1007 442 1040 et
451 996 529 1040 cortice
538 996 595 1040 sicco

76 1072 164 1122 Nutrit;
174 1074 232 1115 etad
242 1072 342 1115 flammas
351 1072 425 1116 anima
434 1072 534 1129 producit
543 1071 608 1115 auiti:

77 1144 239 1201 Multifidasque
249 1145 317 1196 faces,
327 1145 460 1201 ramaliaque
469 1145 530 1188 arida
540 1155 595 1189 tecto

77 1219 171 1270 Detulit,
180 1229 201 1262 et
212 1218 302 1270 minuit,
312 1233 423 1274 parvoque
433 1204 530 1262 admovit
539 1233 600 1263 aeuo.

77 1294 186 1351 Quodque
196 1308 248 1336 suus
258 1286 338 1349 conjux
348 1293 410 1348 riguo
420 1292 534 1348 collegerat
544 1294 619 1346 horto,

77 1370 174 1412 Truncat
183 1367 231 1410 olus
240 1367 304 1409 foliis.
314 1368 383 1409 Furta
391 1366 448 1408 levat
456 1365 491 1408 isse
500 1366 584 1408 bicorni

77 1442 168 1485 Sordida
179 1451 236 1497 terga
246 1441 301 1491 suis,
311 1441 372 1496 nigro
382 1440 498 1495 pendentia
508 1439 581 1496 tigno:

77 1518 208 1572 Servatoque
218 1515 254 1557 din
266 1524 345 1557 resecat
354 1515 381 1556 de
391 1525 474 1569 tergore
483 1524 567 1568 partem

76 1588 193 1645 Exiguam
203 1596 327 1642 sectamque
337 1588 412 1629 domat
422 1586 553 1629 ferventibus
563 1587 633 1630 undis.

77 1666 161 1707 Interea
171 1661 253 1704 medias
263 1660 342 1704 fallunt
350 1660 488 1703 sermonibus
496 1660 572 1711 horas,

33 1778 37 1787 ,
77 1736 199 1791 Seutirique
209 1748 293 1776 moram
303 1733 425 1790 prohibent.
435 1736 485 1777 Erat
494 1733 567 1777 alveus
576 1734 619 1778 illie

75 1810 194 1867 mineus,
204 1821 269 1850 curra
278 1808 463 1864 olavosuspensus
472 1809 500 1850 ab
509 1822 574 1851 ansa:

77 1886 98 1927 ls
108 1883 185 1939 tepidis
194 1881 297 1937 impletur
305 1881 378 1938 aquis3
388 1892 490 1938 artusque
501 1882 604 1925 fovendos

76 1957 166 2013 Accipit.
176 1957 199 1998 ln
209 1955 281 1997 medio
291 1964 351 1998 torus
359 1964 391 1997 est
399 1955 426 1996 de
436 1954 539 1996 mollibus
548 1954 603 1996 ulvis

77 2031 195 2087 tmpesttus
204 2029 270 2079 lecto,
280 2029 362 2084 sponda
371 2028 505 2083 pedibazque
513 2026 607 2081 salignis.

79 2103 180 2146 Vestibus
189 2101 248 2144 huno
257 2100 340 2149 velant,
348 2113 403 2154 quas
412 2112 457 2140 non
466 2098 507 2140 nisi
518 2107 615 2154 tempore
624 2098 679 2143 festo

79 2179 177 2220 Sternere
186 2180 328 2224 consuerant5
337 2171 374 2214 red
383 2181 405 2214 et
413 2170 459 2213 boc
469 2169 558 2226 vilisque
568 2180 671 2228 vetusque
