1667 2592
69 221 153 276 udrq.
308 220 408 265 LIBER
426 222 474 264 HL
680 235 705 280 pr

70 313 152 359 fleret,
162 319 189 353 ut
197 323 208 353 e
217 309 278 353 Pario
287 309 408 355 formatum
418 327 528 355 marmore
537 312 632 369 siguum.

71 389 158 443 Spectat
167 386 230 428 humi
240 386 322 442 positus
331 388 455 440 geminum.
465 401 503 428 sus
513 387 608 437 lumina,
617 387 687 439 sidus,

71 463 97 505 Et
105 461 184 516 dignos
192 461 285 509 Baccho,
295 460 371 515 dignos
380 470 401 502 et
411 460 508 516 Apolline
517 462 597 512 crines,

72 536 219 591 Impubesque
228 546 304 590 genas,
314 543 335 575 et
344 533 440 575 eburnea
449 532 515 582 colla,
524 535 632 591 decusque

73 608 131 653 Orisi
143 617 164 650 ct
174 606 196 649 in
205 606 268 648 niveo
278 607 372 648 mixtum
382 607 475 647 candore
485 608 598 658 ruborem3

74 683 202 736 Cunctaque
212 680 310 725 miratur.
320 680 401 736 quibus
410 691 443 723 est
452 680 567 732 mirabilis
578 682 622 737 ipse

74 757 101 799 Se
110 756 171 812 cupit
180 755 317 811 imprudens3
327 765 359 804 et.
368 755 405 810 qui
415 751 505 811 probat.
514 755 549 798 iiie
558 758 673 821 probatum

74 832 176 885 Dumque
185 829 250 885 petit.
259 830 350 884 petiturr
361 829 484 885 pariterque
493 830 599 881 incendit.
608 841 630 874 et
638 831 705 874 ardet

74 904 139 947 Irrita
148 903 219 947 fallaci
229 903 312 959 quoties
321 904 380 946 dedit
389 904 463 946 oscula
473 903 539 947 fonti!

75 979 101 1020 ln
112 977 192 1020 medias
201 977 296 1032 quotics,
308 977 377 1021 risum
387 979 495 1033 captantia
504 978 597 1030 cossum,

75 1053 165 1096 Brachia
174 1053 249 1096 mersit
258 1066 336 1108 aquas,
346 1067 385 1095 uec
394 1067 415 1096 se
426 1054 537 1110 deprendit
546 1055 568 1097 in
579 1055 630 1097 iliis!

76 1127 134 1185 Quid
144 1127 225 1176 rideat,
233 1126 311 1177 nescit;
321 1128 369 1177 sed,
378 1127 438 1181 quod
449 1127 514 1170 videt,
526 1128 597 1170 uritur
605 1127 655 1170 illo:

76 1202 148 1257 Atque
157 1198 231 1241 oculos
240 1199 310 1247 idem,
319 1200 357 1254 qui
367 1199 457 1254 decipit,
467 1199 543 1242 incitat
551 1213 617 1241 error.

76 1273 180 1325 credule,
189 1273 242 1329 quid
252 1272 332 1316 frustra
341 1272 458 1315 simulacra
468 1272 553 1329 fugacia
563 1278 648 1328 captas?

78 1350 143 1408 Quod
152 1348 217 1404 petis,
227 1358 260 1391 est
269 1362 376 1403 nusquam
384 1362 389 1386 ε
398 1348 458 1403 quod
468 1360 539 1397 amas,
549 1357 654 1397 avertere,
664 1347 746 1403 perdes

80 1425 123 1466 lata
133 1436 272 1479 repercussae,
281 1436 348 1478 quam
358 1421 439 1471 cernis,
448 1420 548 1476 imaginis
558 1421 637 1463 umbra
647 1432 686 1464 cst.

81 1496 118 1539 Nil
127 1496 193 1538 habet
201 1495 241 1538 ists
251 1495 296 1543 sui,
306 1505 423 1550 tecumque
433 1495 532 1550 venitque
542 1504 671 1552 manetque:

81 1571 163 1613 Tecum
172 1568 278 1619 discedat,
288 1567 305 1610 si
315 1578 340 1611 tu
348 1567 456 1610 discedere
464 1567 539 1622 possis.

82 1645 132 1687 Non
142 1642 205 1686 iilum
213 1643 307 1694 Cereris,
317 1657 361 1687 uon
370 1643 434 1686 illurn
443 1656 495 1685 cura
504 1642 583 1698 quietis

81 1716 209 1761 Abstrahere
218 1715 268 1758 inde
277 1725 360 1772 potest:
369 1716 406 1758 sed
415 1729 481 1771 opaca
492 1715 554 1758 fusus
563 1715 586 1758 in
595 1715 663 1761 herba

82 1794 168 1848 Spectat
177 1790 283 1848 inexpleto
293 1792 421 1834 mendacem
431 1791 513 1834 lumine
523 1791 632 1835 formam:

82 1867 164 1923 Perque
173 1864 248 1908 oculos
257 1865 312 1921 perit
321 1864 365 1921 ipse
374 1879 436 1916 suos;
446 1865 580 1922 paulumque
589 1866 682 1919 levatus.

80 1940 112 1982 sd
122 1938 285 1981 circumstantes
296 1938 384 1980 tendens
394 1951 434 1980 sua
443 1937 532 1980 brachia
541 1938 616 1990 silvas,

83 2029 94 2051 ι
102 2011 189 2067 Ecquis,
198 2009 220 2053 io
228 2010 295 2061 sitve,
305 2009 425 2061 crudelius,
435 2010 517 2066 inquit,
527 2011 621 2054 amavit!

81 2085 144 2128 Scitis
153 2085 224 2136 enim,
234 2094 256 2128 et
265 2084 340 2128 multis
349 2083 433 2127 latebra
441 2095 565 2142 opportuna
574 2084 652 2128 fuistis.

82 2159 189 2213 Ecquem,
199 2171 269 2213 quum
278 2167 352 2201 vestrae
362 2166 393 2201 tet
401 2165 495 2213 agantur
502 2155 574 2198 secula
583 2157 642 2208 vitae,

83 2231 127 2291 Qui
135 2231 166 2275 sic
176 2230 281 2284 tabuerit,
289 2229 354 2289 louge
364 2228 494 2274 meministis
502 2228 526 2272 id
534 2233 592 2272 avet
638 2214 650 2237 ”

614 2314 635 2351 7.
