1667 2592
132 209 172 262 ²4²
275 168 614 246 'METAMORPHOSEON
687 202 771 244 nadd.

130 298 200 345 lcare,
210 293 325 349 dicebatis:
336 305 417 349 pennas
427 290 524 347 adspexit
533 291 556 332 in
567 289 641 340 undis,

131 368 261 424 Devovitque
270 380 320 409 suas
328 375 396 417 artes,
405 378 527 420 corpusque
536 363 634 419 sepulcro

131 441 242 493 Condidit,
251 450 273 484 et
283 439 345 484 tellus
354 453 367 482 a
376 438 465 481 nomine
474 438 533 480 dicta
542 436 627 493 sepulti.

157 591 194 633 Vl.
206 588 267 632 [iuro
277 588 350 631 miseri
362 585 448 630 tumulo
457 593 575 641 ponentem
586 597 678 640 corpora
687 584 736 626 nati

128 663 220 708 carrula
230 676 315 705 ramosa
324 659 432 718 prospexit
440 659 469 701 ab
478 658 525 700 ilice
535 658 621 714 perdix,

130 741 156 782 Et
164 737 244 796 plausit
253 736 340 793 pennis,
351 743 470 788 testataque
479 733 558 788 gaudia
567 740 634 775 cantu
643 740 687 783 est;

129 812 197 856 Unica
207 821 259 855 tuuc
269 808 372 860 volucris,
382 821 422 850 uec
431 806 476 849 visa
484 806 593 862 prioribus
602 805 678 857 annis,

129 890 236 941 Factaque
245 897 315 940 nuper
323 882 378 933 avis,
388 881 478 937 longum
489 880 541 931 tibi,
550 878 644 930 Daedale,
653 878 748 921 crimen.

128 963 229 1014 Namque
238 957 290 999 huic
299 955 427 1006 tradiderat,
437 952 534 995 fatorum
544 953 631 1008 ignara,
640 952 767 995 docendam

128 1033 253 1091 Progeniem
262 1043 364 1088 germana
373 1042 450 1079 suam,
461 1026 570 1070 natalibus
579 1026 632 1069 actis

127 1109 161 1152 Bis
170 1119 263 1163 puerum
273 1103 341 1154 senis,
351 1099 419 1144 animi
429 1101 457 1142 ad
466 1110 572 1156 praecepta
581 1099 674 1155 capacis.

127 1182 164 1226 Ille
173 1180 239 1223 etiam
249 1176 321 1220 medio
330 1175 402 1232 spinas
410 1175 435 1216 in
444 1174 501 1231 pisce
510 1182 595 1216 notatas

116 1242 199 1299 'Traxit
207 1251 230 1294 in
239 1249 374 1305 exemplum
384 1245 486 1301 ferroque
494 1246 571 1289 incidit
580 1256 644 1289 acuto

126 1333 241 1386 Perpetuos
250 1326 335 1376 dentes,
345 1332 367 1366 et
376 1335 438 1365 serrae
447 1321 526 1377 reperit
534 1335 608 1364 usum.

126 1405 211 1449 Primus
220 1411 241 1445 et
250 1415 276 1444 ex
285 1413 329 1442 uno
338 1400 383 1442 duo
392 1397 462 1439 ferrea
472 1396 560 1438 brachia
569 1395 635 1443 nodo,

125 1477 210 1526 Vinxit,
220 1486 256 1526 ut,
265 1473 342 1529 aquali
351 1471 421 1528 spatio
429 1469 559 1512 distantibus
568 1469 621 1518 iltis.
660 1518 663 1523 Ι
682 1492 689 1509 t
719 1475 722 1478 ⁴

125 1540 196 1595 Altera
205 1562 254 1604 pars
266 1555 343 1595 staret,
352 1558 401 1601 pars
410 1543 478 1586 altera
487 1543 576 1585 duceret
585 1526 668 1584 orbani.

124 1621 221 1667 Dadalus
230 1617 306 1661 invidit
312 1626 319 1669 ς’
326 1630 430 1672 sacraque
439 1629 465 1658 ex
474 1629 522 1673 arce
532 1614 631 1676 Minerva

124 1694 256 1750 Praecipitem
265 1691 342 1741 mittit,
352 1691 438 1746 lapsum
449 1688 565 1730 mentitus:
575 1686 684 1738 atilium,

99 1814 106 1819 ,
117 1772 176 1830 ,Qua
187 1767 244 1809 iavet
252 1764 353 1819 ingeniis,
363 1761 444 1817 excepit
453 1752 531 1824 Pallan
541 1773 647 1816 avemque

124 1839 233 1889 Reddidit,
242 1846 264 1879 et
274 1835 345 1878 medio
354 1834 432 1876 vetavit
441 1834 463 1874 in
473 1844 521 1875 aere
531 1832 614 1887 pennis.

122 1915 163 1959 Sed
172 1913 232 1967 vigor
240 1907 320 1964 ingenii
329 1907 441 1963 quondam
451 1905 528 1947 velocis
537 1904 560 1946 in
570 1903 626 1955 alas,

123 1992 191 2044 Inque
200 1986 263 2042 pedes
272 1983 325 2025 abiit
334 1982 441 2030 anomen,
451 1979 511 2034 quod
520 1987 541 2020 et
550 1986 611 2027 ante,
621 1973 736 2022 rem'ansit.

124 2064 174 2106 Non
185 2062 258 2104 tamen
266 2058 311 2100 haec
320 2054 363 2098 alte
372 2052 464 2097 volucris
473 2066 512 2093 sua
521 2064 611 2107 corpora
622 2050 694 2105 tollit,

123 2139 168 2179 Nec
178 2134 230 2177 iacit
237 2134 261 2176 iu
271 2131 337 2175 ramis
344 2129 432 2185 altoque
441 2127 554 2170 cacumine
563 2126 639 2168 nidos:

114 2215 209 2274 ,Propter
217 2209 313 2252 humum
321 2205 408 2259 volitat,
416 2203 521 2263 ponitque
529 2202 554 2246 in
562 2201 650 2259 sepibus
659 2215 714 2255 ora3

642 2300 646 2307 ’
662 2304 675 2331 a

708 1800 735 1857 k
