1667 2592
109 189 137 244 ³4
260 185 592 231 uncinosnnosson
664 196 752 245 cm.

109 279 159 321 Arte
168 291 235 329 nova,
244 278 345 333 vocisque
354 279 423 320 Deum
432 275 546 317 dulcedine
555 284 655 330 captum,

111 369 123 392 κ
130 354 173 394 lloc
183 352 237 395 mibi
246 350 364 394 concilium
374 361 460 402 tecum,
469 350 557 399 dixisse,
567 349 665 391 manebit
673 364 678 391 :
685 365 697 388 n

110 428 179 482 Atque
188 426 219 468 its
227 425 350 481 disparibus
359 425 449 466 calatms
458 423 586 480 compagine
595 436 648 465 certe

110 502 169 543 lnter
177 499 289 557 sejunctis
298 512 379 542 nomen
389 498 483 541 tenuisse
491 497 574 553 puelle.

139 571 200 615 Talia
208 572 313 623 dicturus,
321 571 374 614 vidit
382 570 491 627 Cyllenius
500 583 576 612 omnes

110 645 252 688 Succubuisse
262 645 348 694 oculos,
357 646 503 701 adopertaque
513 643 596 686 lumina
605 656 691 686 somno.

23 770 27 777 Ι
110 718 231 775 Supprimit
239 717 348 773 extemplo
357 731 447 759 vocem:
458 716 575 771 firmatque
584 729 698 771 soporem,

110 791 221 846 languida
229 790 366 846 permulcens
375 790 482 832 medicam
492 788 576 831 lumina
586 788 652 844 virga.

111 865 157 906 Nec
167 876 241 905 mora:
252 862 332 906 falcato
341 872 455 906 nutantem
466 861 565 903 vulnerat
573 874 634 911 ense,

111 937 161 993 Qun
169 935 225 978 collo
234 936 320 978 confine
330 946 396 992 ceput
405 952 410 977 :
419 949 514 991 saxoque
523 944 639 977 cruentum

112 1009 200 1066 Dejicit,
209 1018 231 1051 et
240 1008 336 1052 muculut
345 1020 477 1065 praeruptum
487 1009 592 1065 sanguine
602 1018 697 1052 cautem.
758 1055 763 1067 ¹

112 1087 179 1140 Arge,
185 1083 258 1139 jaces:
268 1084 370 1140 qnodque
379 1084 402 1125 in
413 1093 445 1127 tot
453 1083 538 1126 lumina
547 1083 622 1126 lumen
632 1083 732 1128 habebas

112 1158 248 1201 Exstinctnm
257 1166 299 1209 est;
309 1166 442 1214 centumque
451 1157 526 1200 ocutos
535 1170 578 1199 nox
586 1167 680 1213 occupet
687 1172 745 1211 ⁴unes.

112 1231 195 1288 Excipit
204 1232 255 1283 uos,
265 1230 400 1285 volucrisque
409 1244 453 1272 sue
463 1231 563 1273 Saturnia
572 1231 648 1286 pennis

113 1305 220 1358 Collocnt;
231 1315 253 1349 et
262 1306 354 1361 gemmis
363 1304 456 1347 caudam
465 1303 602 1348 stellantibus
611 1302 696 1360 implet.

143 1457 200 1499 Xlll.
211 1458 320 1498 Psotiuus
329 1455 418 1506 exarsit,
427 1468 467 1497 nec
477 1463 575 1509 tempore
584 1451 668 1496 distulit
677 1453 728 1507 iroe,

116 1528 291 1583 llorriiernmqne
300 1527 369 1570 oculis
378 1527 498 1583 animoque
506 1525 585 1581 objecit
595 1526 692 1583 Erinuyn

115 1601 197 1645 Pellicis
206 1600 318 1657 Argolicae.
329 1599 472 1655 stimulosque
480 1599 503 1641 iu
513 1609 599 1655 pectora
608 1613 675 1641 caecos

114 1675 228 1725 Condidit,
237 1684 259 1717 et
268 1673 385 1731 profugam
394 1688 434 1730 per
442 1682 514 1716 totum
525 1672 601 1715 terruit
609 1673 695 1714 orbern.

115 1749 210 1792 Ultimus
219 1748 328 1790 immenso
338 1747 445 1797 recubus,
455 1746 513 1796 Nile,
523 1745 599 1787 labori.

116 1825 187 1880 Quem
197 1820 264 1864 simul
272 1834 298 1863 ac
308 1820 387 1876 tetigit,
397 1820 516 1875 positisque
526 1819 547 1860 in
557 1818 655 1873 margine
665 1819 718 1876 ripn

97 1908 101 1920 ¹
116 1897 237 1942 Procubuit
245 1896 346 1952 genuus,
358 1896 503 1951 resupinoque
512 1894 580 1935 ardue
589 1892 657 1945 collo,

117 1975 177 2031 Quos
186 1970 269 2028 potuit,
279 1969 335 2012 solos
345 1969 422 2012 tollens
432 1970 459 2011 ad
468 1970 538 2010 sidera
547 1967 631 2017 vulcus.

117 2048 144 2090 Et
152 2044 247 2100 gemitu,
256 2052 278 2085 et
287 2042 397 2098 lacrymis,
407 2050 429 2084 et
438 2041 544 2083 luctisono
554 2041 651 2095 mugitu,

117 2122 175 2164 Cum
186 2121 237 2161 love
247 2117 291 2160 visa
300 2116 361 2172 queri
370 2126 413 2167 est,
423 2115 533 2171 finemque
544 2129 605 2157 orare
614 2114 734 2161 mulorum.

118 2191 221 2250 conjugis
231 2190 267 2235 ille
275 2204 320 2234 suae
329 2189 455 2247 complexus
464 2188 520 2232 colla
528 2188 624 2241 lacertis,
