1667 2592
69 177 152 230 aare.
291 176 390 219 erran
407 177 483 219 vlu:
666 179 707 219 2⁶⁵
775 214 779 222 ,

96 263 144 304 XV.
157 263 263 312 altuour
273 262 332 306 fame
340 263 420 319 patrias
429 263 510 319 altique
518 263 620 321 ωηιξη
628 264 707 307 ventris

66 336 194 379 attenuarat
203 350 266 392 opes:
277 338 315 379 sed
323 337 458 380 inattenuata
468 338 572 379 manebas

67 410 124 451 Tum
135 423 233 465 qaoque,
242 409 290 452 dira
300 409 380 463 fames;
390 410 555 466 implacataeque
565 410 650 466 vigebat

66 480 166 524 Flamma
176 481 237 538 pulte.
247 483 354 533 Tandem,
364 483 458 526 demisso
467 482 489 524 in
499 482 579 524 viscera
588 495 653 524 censu
660 506 669 533 ,-

67 553 121 598 Filia
131 549 236 611 restaliat,
245 568 291 598 non
299 555 337 598 illo
346 555 411 611 digna
419 565 515 610 parente.

69 630 129 671 lianc
138 642 225 685 quoque
235 630 307 672 vendit
317 630 386 685 inops.
395 629 514 671 Dominum
524 643 625 685 generosa
635 637 729 683 recusat;

71 704 99 746 Et
108 701 178 744 vicina
188 716 237 745 suae
248 704 336 746 tendens
345 716 410 758 super
418 717 506 759 aequora
514 702 609 758 palmas,

71 777 152 831 «Eripe
162 790 197 819 me
206 777 307 829 domino,
317 778 355 834 qui
365 787 430 833 raptae
439 779 527 833 praemia
536 777 600 819 nobis

69 851 204 907 virginitatis
212 852 289 903 habes,
296 869 308 890 n
319 852 355 895 ait.
366 854 413 895 llaec
422 853 536 907 Neptunus
545 851 652 913 habebnt:

6 944 7 947 ¹
71 926 127 983 Qui,
137 939 199 981 prece
209 940 253 969 non
262 936 344 983 spreta‚
354 927 453 983 quamvis
463 927 529 968 modo
539 926 582 968 visa
591 925 690 980 sequenti

10 1035 14 1042 .
72 998 205 1049 deseruero,
215 998 353 1056 formamque
362 1009 439 1049 novat,
449 998 579 1055 vultumque
588 997 672 1040 virilem

72 1072 157 1123 Induit,
167 1082 189 1114 et
197 1072 269 1115 cultus
278 1074 359 1129 piscem
368 1073 503 1130 capientibus
512 1082 580 1128 aptos.

73 1149 133 1190 lianc
142 1148 245 1190 dominus
254 1158 360 1203 spectans,
373 1148 454 1204 «Oqui
465 1147 580 1204 pendentia
589 1160 659 1202 parvo

74 1223 123 1263 rua
131 1220 180 1263 cibo
190 1221 257 1272 celae,
267 1222 391 1269 moderator
399 1220 524 1271 arundinis,
534 1220 615 1275 inquit,

73 1293 108 1336 Sic
118 1307 178 1336 mare
188 1294 346 1350 compositum,
356 1295 386 1337 sic
395 1295 424 1337 sit
434 1294 472 1336 tibi
483 1294 545 1349 piscis
554 1293 577 1334 in
586 1293 646 1335 unda

72 1365 189 1417 credulae,
199 1365 312 1417 cluullas,
322 1367 363 1408 nisi
373 1365 440 1417 fixus,
448 1366 527 1408 sentiat
535 1366 627 1408 hamosz

73 1442 127 1497 Quae
137 1441 264 1483 modorum
274 1440 310 1483 vili
321 1440 413 1484 turbatis
423 1449 479 1482 veste
487 1438 570 1494 capillis

73 1513 146 1556 Litore
155 1513 178 1554 in
187 1513 229 1556 hoc
238 1522 326 1556 steterat
334 1512 401 1569 (narn
412 1521 506 1555 stantem
516 1511 537 1552 in
547 1510 610 1553 litore
619 1510 687 1568 vidi),

71 1588 121 1639 uic,
131 1588 170 1630 ubi
179 1587 219 1631 sit:
229 1601 299 1644 neque
308 1587 367 1631 enim
377 1587 465 1644 vestigia
474 1586 559 1643 longius
567 1595 656 1630 exstant
664 1603 675 1626 n

102 1660 141 1704 llla
150 1661 187 1703 Dei
197 1674 278 1704 munus
287 1662 342 1705 bene
351 1661 426 1704 cedere
434 1660 511 1713 sentit3
521 1670 542 1703 et
552 1675 563 1702 a
573 1674 596 1703 se

73 1738 100 1780 Se
109 1736 177 1793 quaeri
186 1737 293 1792 gaudens,
302 1737 337 1779 his
345 1747 378 1780 est
387 1745 483 1781 resecuta
493 1748 604 1792 rogantem
614 1753 619 1779 ι

75 1828 87 1851 u
94 1811 197 1869 Quisquis
206 1824 239 1860 es,
249 1811 357 1868 ignoscam
366 1812 389 1854 in
399 1810 484 1854 nullam
493 1810 578 1853 lumina
588 1820 673 1866 partem

73 1883 164 1939 Gurgite
173 1884 202 1926 ab
211 1883 252 1926 hoc
262 1883 323 1937 nexu
333 1884 448 1940 studioque
458 1893 558 1941 operatus
568 1883 649 1925 inlraesi.

74 1958 167 2016 Quoque
176 1955 250 1999 minus
259 1957 356 2007 dubites,
365 1957 395 2000 eie
405 1957 445 2000 has
454 1959 509 1999 Deus
518 1955 610 2010 aequoris
619 1964 691 1999 artes..

72 2029 179 2087 adjuvet,
189 2040 214 2073 ut
222 2043 288 2072 nemo
295 2029 430 2087 jamdudum
440 2029 502 2073 litore
511 2028 534 2070 in
543 2027 596 2080 isto,

76 2106 111 2148 lle
121 2114 196 2149 umen
206 2114 306 2162 excepto,
314 2119 354 2149 nec
363 2104 446 2148 femina
455 2101 552 2148 constitit
561 2102 613 2145 ulla.
620 2120 632 2142 »

151 2192 195 2222 ιιι.
591 2178 616 2219 18
