1667 2592
87 164 90 169 ’
131 159 653 287 METAMORPHOSEON

214 360 356 420 LIBER
380 363 568 422 SEXTUS.

101 694 118 735 l.
128 695 261 735 Prnnuanar
271 693 333 736 dictis
342 694 439 736 Tritonia
450 693 529 736 talibus
538 706 626 745 aurem;

73 767 218 824 Carminaque
228 768 347 817 Aonidum,
354 768 482 824 justamque
491 768 620 823 probaverat
628 767 692 810 iram.

72 842 130 883 Turn
140 854 214 884 seeum
223 858 228 882 :
239 859 250 879 a
257 842 353 883 Laudare
363 855 442 896 parurn
451 850 494 887 θείς
505 840 620 884 laudemur
629 851 650 884 et
659 841 723 898 ipsa:

74 915 172 958 Numina
182 930 221 958 nec
230 916 301 971 sperni
310 917 356 958 siue
365 930 429 971 poena
438 925 510 958 nostra
520 915 643 958 sinamus.»

74 987 211 1043 neoniaeque
221 989 320 1030 animum
332 989 381 1032 fatis
390 988 483 1031 intendit
492 989 611 1031 Arachnes:

71 1062 143 1116 Quam
153 1063 195 1105 sibi
205 1062 294 1105 lanifica
303 1079 347 1106 non
357 1066 431 1107 cedere
441 1064 541 1107 laudibus
550 1063 602 1109 artis

73 1136 183 1178 Audierat.
194 1139 212 1178 N
215 1151 244 1178 on
253 1137 289 1179 illa
298 1137 356 1188 loco,
366 1153 405 1180 nec
415 1138 497 1193 origine
505 1138 573 1194 gentis

72 1209 147 1260 Clara,
157 1212 193 1252 sed
204 1220 261 1261 arte,
271 1211 319 1253 fuit.
329 1214 390 1254 Pater
399 1210 450 1253 bule
459 1211 606 1267 Colophonius
615 1212 693 1254 ldmon

73 1284 179 1326 Phocaico
188 1283 274 1326 bibulas
284 1285 379 1339 tingebat
389 1284 471 1325 murice
481 1283 547 1326 lanas.

72 1358 185 1401 Occiderat
196 1367 277 1400 mater:
288 1359 325 1400 sed
333 1367 355 1400 et
364 1358 408 1399 hec
418 1358 445 1398 de
455 1356 527 1412 plebe.
538 1369 621 1411 suoque

74 1435 141 1487 AEqua
151 1432 197 1474 viro
206 1432 283 1474 lucrat.
293 1432 360 1488 Lydas
372 1440 445 1472 tamen
455 1429 492 1470 illa
502 1441 540 1484 per
550 1429 613 1471 urbes

73 1505 191 1564 Quasierat
200 1506 272 1548 studio
282 1518 363 1546 nornen
372 1501 524 1551 memorabile3
535 1501 634 1558 quamvis

74 1584 127 1623 Octa
136 1581 203 1622 domo
212 1594 288 1636 parva.
298 1579 369 1635 parvis
378 1578 492 1620 habitabat
501 1577 604 1635 Hypaepis.

75 1655 145 1712 llujus
153 1666 178 1698 ut
186 1655 320 1712 adspicerent
329 1669 384 1711 opus
392 1653 532 1704 admirabile,
539 1666 596 1709 sape

73 1731 189 1771 Deseruere
198 1728 233 1771 sui
243 1731 260 1770 N
264 1729 349 1786 ymphae
358 1728 430 1769 vineta
439 1725 535 1784 Tymoli3

74 1806 190 1846 Deseruere
199 1817 249 1845 ruas
259 1801 364 1858 Nympha
373 1800 490 1843 Pactolides
499 1801 575 1843 undae

73 1879 120 1921 Nec
130 1876 197 1920 factae
206 1876 278 1920 solum
286 1885 353 1918 vestes
361 1886 457 1932 spectaro
463 1874 569 1930 juvabat:

74 1953 132 1995 Tum
142 1965 241 2007 quoque,
251 1944 321 2006 quum
331 1949 418 1999 trenna
429 1958 502 1991 tantus
511 1948 576 1990 decor
584 1945 657 1989 adfuit
665 1944 718 1989 arti!

74 2027 122 2069 Sire
131 2024 209 2068 rudem
219 2025 302 2082 primos
311 2023 385 2066 lanam
395 2023 530 2079 glomerabat
539 2021 561 2063 in
570 2022 645 2072 orbem

74 2104 118 2145 Seu
127 2100 199 2158 digitis
208 2099 323 2155 subigebat
332 2112 399 2154 opus,
409 2096 542 2153 repetitaque
550 2093 615 2150 longo

74 2175 160 2219 lettera
172 2175 273 2219 mollibat
283 2172 373 2217 ncbulas
381 2169 490 2226 aequantia
499 2176 580 2219 tractu3
