1667 2592
128 194 170 246 114
278 191 614 235 METAMORPHOSEON
686 206 707 234 v.
720 195 770 237 233.

125 283 189 324 Victa
198 282 268 324 nitore
277 282 325 331 oei,
335 281 404 337 posita
414 281 459 323 vim
469 295 531 337 passa
539 281 627 337 querela
636 290 675 324 est.

125 356 205 399 Invidit
213 355 281 412 Clytie
290 356 374 411 (neque
384 355 443 396 enirn
454 356 579 397 moderatus
589 354 610 397 in
622 355 660 398 illa

125 430 180 474 Solis
189 444 252 473 amor
261 430 356 486 fuerat),
366 430 521 486 stimulataque
531 430 611 486 pellicis
620 430 653 472 ira

125 503 206 559 Vulgat
216 502 347 545 adulterium
357 521 362 544 :
372 502 557 558 diffamatumque
567 502 652 559 parenti

125 578 222 620 Iudicat:
232 577 268 620 ille
278 577 338 620 feror
347 578 550 632 immansuetusque
559 586 696 632 precantem,

125 653 302 707 Tendentemque
312 641 427 693 manus'ad
437 650 520 694 lumina
531 651 596 701 Solis,
606 661 638 703 et,
649 651 686 693 llle

126 725 177 767 Vim
188 725 328 775 turicinum,
337 725 459 775 dicentem,
469 723 552 767 defodit
561 724 604 767 alta

125 798 211 840 Crudus
220 798 300 847 humo;
312 796 467 852 tumulumque
476 810 541 852 super
551 797 620 852 gravis
630 795 690 840 addit
700 810 775 839 arena.

125 873 283 928 Dissipatbunc
294 872 358 914 radiis
368 872 489 929 Hyperione
499 882 574 922 natus;
584 872 668 927 iterque

125 947 166 988 Dat
176 945 227 996 tibi,
236 959 280 1000 quo
292 945 360 1000 possis
369 944 468 986 defossos
475 957 575 1000 promere
585 943 665 986 vultus.

125 1021 170 1062 Nec
180 1018 258 1074 rujam
269 1029 354 1074 poteras
363 1029 464 1061 enectum
474 1019 569 1074 pondere
580 1028 641 1061 terrae

125 1092 219 1141 Tollere.
231 1093 343 1148 Nympha,
353 1102 432 1148 caput:
442 1105 567 1148 corpusque
574 1106 680 1148 exsangue
687 1091 786 1149 jacebas.

126 1166 163 1209 Nil
173 1166 209 1208 illo
220 1165 290 1208 fertur
300 1166 414 1208 volucrum
425 1166 551 1209 moderator
559 1181 667 1222 equorum

125 1241 176 1283 Post
184 1240 342 1283 Phaethonteos
353 1240 429 1282 vidisse
438 1239 547 1283 dolentius
556 1241 623 1297 ignes.

125 1313 162 1355 llle
172 1313 261 1368 quidem
270 1313 352 1368 gelidos
363 1312 475 1355 radiorum
486 1312 567 1355 viribus
577 1323 648 1365 artus,

125 1388 146 1429 Si
156 1397 232 1443 queat,
242 1387 264 1428 in
274 1387 348 1429 vivum
358 1395 426 1429 tentet
435 1399 534 1428 revocare
543 1386 650 1438 calorem;

125 1460 176 1508 Sed,
186 1460 291 1515 qnoniam
302 1460 367 1502 tantis
376 1459 449 1502 latum
458 1460 573 1502 conatibus
582 1461 665 1511 obstat,

125 1536 216 1576 Nectare
225 1535 316 1576 odorato
325 1534 406 1590 spargit
415 1547 538 1589 corpusque
547 1533 677 1589 locumque,

126 1605 238 1661 Multaque
248 1617 389 1663 praequestus,
400 1608 500 1662 «Tauqes
510 1616 582 1649 tamen
593 1608 684 1660 aethera,
693 1606 755 1650 dixit.
763 1623 774 1646 o

125 1681 225 1724 Protinus
234 1681 346 1723 irnbutum
356 1680 436 1723 ccelesti
445 1691 531 1723 nectare
542 1694 621 1736 corpus

125 1755 226 1806 reticuit,
237 1765 360 1811 terramque
369 1769 409 1798 suo
417 1755 535 1798 madefecit
542 1756 620 1808 odore;

124 1829 233 1884 Virgaqne
242 1843 281 1884 per
290 1828 362 1884 glebas
373 1828 454 1870 sensim
465 1828 572 1870 radicibus
582 1827 635 1870 actis

124 1906 195 1948 Turea
203 1903 305 1954 surrexit,
315 1902 471 1957 tumulumque
480 1902 593 1945 cacumine
603 1902 668 1958 rupit.

155 2052 192 2094 Vl.
203 2053 234 2094 Δτ
242 2050 325 2107 Clytien
335 2050 448 2106 (quamvis
458 2064 521 2093 arnor
529 2064 630 2093 excusare
638 2049 752 2101 dolorem,

126 2124 278 2179 Indiciumque
287 2123 350 2165 dolor
358 2123 456 2179 poterat)
465 2136 510 2165 non
520 2122 613 2178 amplius
622 2133 701 2165 auctor

125 2198 187 2239 Lucis
197 2197 254 2239 adit:
264 2195 395 2251 Venerisque
405 2197 498 2238 modurn
507 2197 548 2238 sibi
558 2196 609 2239 lecit
618 2197 641 2238 in
651 2196 695 2240 illa.

124 2271 204 2315 Tabuit
213 2285 237 2313 ex
246 2270 296 2322 illo,
305 2272 417 2314 dementer
427 2270 538 2313 amoribus
549 2285 598 2320 usa.
