<?xml version="1.0" encoding="UTF-8"?>
<!DOCTYPE html PUBLIC "-//W3C//DTD XHTML 1.0 Transitional//EN"
    "http://www.w3.org/TR/xhtml1/DTD/xhtml1-transitional.dtd">
<html xmlns="http://www.w3.org/1999/xhtml" xml:lang="en" lang="en">
 <head>
  <title>
</title>
<meta http-equiv="Content-Type" content="text/html;charset=utf-8" />
  <meta name='ocr-system' content='tesseract 3.04.00' />
  <meta name='ocr-capabilities' content='ocr_page ocr_carea ocr_par ocr_line ocrx_word'/>
</head>
<body>
  <div class='ocr_page' id='page_1' title='image "./opera00accugoog/opera00accugoog_0197.png"; bbox 0 0 1667 2592; ppageno 0'>
   <div class='ocr_carea' id='block_1_1' title="bbox 73 154 715 238">
    <p class='ocr_par' dir='ltr' id='par_1_1' title="bbox 73 154 715 238">
     <span class='ocr_line' id='line_1_1' title="bbox 73 154 715 238; baseline -0.009 -12"><span class='ocrx_word' id='word_1_1' title='bbox 73 184 158 238; x_wconf 59' lang='lat' dir='ltr'>sesa</span> <span class='ocrx_word' id='word_1_2' title='bbox 314 181 415 224; x_wconf 78' lang='lat' dir='ltr'>siras</span> <span class='ocrx_word' id='word_1_3' title='bbox 432 181 474 224; x_wconf 84' lang='lat' dir='ltr'>vr.</span> <span class='ocrx_word' id='word_1_4' title='bbox 546 154 549 155; x_wconf 39' lang='lat'><em>⁷</em></span> <span class='ocrx_word' id='word_1_5' title='bbox 675 185 715 226; x_wconf 67' lang='lat' dir='ltr'>,ss</span> 
     </span>
    </p>
   </div>
   <div class='ocr_carea' id='block_1_2' title="bbox 72 269 722 1949">
    <p class='ocr_par' dir='ltr' id='par_1_2' title="bbox 72 269 625 329">
     <span class='ocr_line' id='line_1_2' title="bbox 72 269 625 329; baseline 0 -13"><span class='ocrx_word' id='word_1_6' title='bbox 72 271 205 316; x_wconf 77' lang='lat' dir='ltr'><strong>Facundum</strong></span> <span class='ocrx_word' id='word_1_7' title='bbox 214 269 308 313; x_wconf 80' lang='lat' dir='ltr'>faciebat</span> <span class='ocrx_word' id='word_1_8' title='bbox 317 283 390 313; x_wconf 89' lang='lat' dir='ltr'>amor:</span> <span class='ocrx_word' id='word_1_9' title='bbox 399 271 526 327; x_wconf 80' lang='lat' dir='ltr'>quotiesque</span> <span class='ocrx_word' id='word_1_10' title='bbox 535 273 625 329; x_wconf 78' lang='lat' dir='ltr'>rogabat</span> 
     </span>
    </p>

    <p class='ocr_par' dir='ltr' id='par_1_3' title="bbox 74 345 557 400">
     <span class='ocr_line' id='line_1_3' title="bbox 74 345 557 400; baseline -0.002 -11"><span class='ocrx_word' id='word_1_11' title='bbox 74 346 172 390; x_wconf 78' lang='lat' dir='ltr'><strong>Ulterius</strong></span> <span class='ocrx_word' id='word_1_12' title='bbox 178 345 252 400; x_wconf 86' lang='lat' dir='ltr'>justo,</span> <span class='ocrx_word' id='word_1_13' title='bbox 262 347 357 389; x_wconf 78' lang='lat' dir='ltr'>Procum</span> <span class='ocrx_word' id='word_1_14' title='bbox 366 345 397 388; x_wconf 89' lang='lat' dir='ltr'>ita</span> <span class='ocrx_word' id='word_1_15' title='bbox 405 345 458 389; x_wconf 86' lang='lat' dir='ltr'>velle</span> <span class='ocrx_word' id='word_1_16' title='bbox 467 345 557 389; x_wconf 85' lang='lat' dir='ltr'>ferebat.</span> 
     </span>
    </p>

    <p class='ocr_par' dir='ltr' id='par_1_4' title="bbox 76 419 666 477">
     <span class='ocr_line' id='line_1_4' title="bbox 76 419 666 477; baseline 0 -14"><span class='ocrx_word' id='word_1_17' title='bbox 76 420 167 464; x_wconf 75' lang='lat' dir='ltr'>Addidit</span> <span class='ocrx_word' id='word_1_18' title='bbox 175 429 197 462; x_wconf 87' lang='lat' dir='ltr'>et</span> <span class='ocrx_word' id='word_1_19' title='bbox 206 419 324 477; x_wconf 77' lang='lat' dir='ltr'>lacrymas,</span> <span class='ocrx_word' id='word_1_20' title='bbox 335 422 440 475; x_wconf 87' lang='lat' dir='ltr'>tanquam</span> <span class='ocrx_word' id='word_1_21' title='bbox 450 421 574 463; x_wconf 83' lang='lat' dir='ltr'>mandasset</span> <span class='ocrx_word' id='word_1_22' title='bbox 582 430 603 463; x_wconf 88' lang='lat' dir='ltr'>et</span> <span class='ocrx_word' id='word_1_23' title='bbox 611 419 666 463; x_wconf 90' lang='lat' dir='ltr'>illas.</span> 
     </span>
    </p>

    <p class='ocr_par' dir='ltr' id='par_1_5' title="bbox 76 492 612 549">
     <span class='ocr_line' id='line_1_5' title="bbox 76 492 612 549; baseline 0.002 -14"><span class='ocrx_word' id='word_1_24' title='bbox 76 495 119 535; x_wconf 76' lang='lat' dir='ltr'>Pro</span> <span class='ocrx_word' id='word_1_25' title='bbox 129 492 217 548; x_wconf 83' lang='lat' dir='ltr'>Superi!</span> <span class='ocrx_word' id='word_1_26' title='bbox 227 501 336 547; x_wconf 84' lang='lat' dir='ltr'>quantum</span> <span class='ocrx_word' id='word_1_27' title='bbox 346 492 447 536; x_wconf 84' lang='lat' dir='ltr'>mortalia</span> <span class='ocrx_word' id='word_1_28' title='bbox 455 502 543 549; x_wconf 82' lang='lat' dir='ltr'><strong>pectora</strong></span> <span class='ocrx_word' id='word_1_29' title='bbox 552 507 612 536; x_wconf 73' lang='lat' dir='ltr'>crece</span> 
     </span>
    </p>

    <p class='ocr_par' dir='ltr' id='par_1_6' title="bbox 77 566 620 622">
     <span class='ocr_line' id='line_1_6' title="bbox 77 566 620 622; baseline 0 -12"><span class='ocrx_word' id='word_1_30' title='bbox 77 566 155 610; x_wconf 76' lang='lat' dir='ltr'>Noctis</span> <span class='ocrx_word' id='word_1_31' title='bbox 164 566 257 609; x_wconf 85' lang='lat' dir='ltr'>habeut!</span> <span class='ocrx_word' id='word_1_32' title='bbox 269 566 315 622; x_wconf 85' lang='lat' dir='ltr'>ipso</span> <span class='ocrx_word' id='word_1_33' title='bbox 325 566 409 609; x_wconf 87' lang='lat' dir='ltr'>sceleris</span> <span class='ocrx_word' id='word_1_34' title='bbox 418 567 532 610; x_wconf 82' lang='lat' dir='ltr'>molimine</span> <span class='ocrx_word' id='word_1_35' title='bbox 540 570 620 610; x_wconf 86' lang='lat' dir='ltr'>Tereus</span> 
     </span>
    </p>

    <p class='ocr_par' dir='ltr' id='par_1_7' title="bbox 76 639 651 696">
     <span class='ocr_line' id='line_1_7' title="bbox 76 639 651 696; baseline 0 -12"><span class='ocrx_word' id='word_1_36' title='bbox 76 639 181 684; x_wconf 82' lang='lat' dir='ltr'>Creditur</span> <span class='ocrx_word' id='word_1_37' title='bbox 189 653 235 682; x_wconf 89' lang='lat' dir='ltr'>esse</span> <span class='ocrx_word' id='word_1_38' title='bbox 243 639 303 695; x_wconf 86' lang='lat' dir='ltr'>pius,</span> <span class='ocrx_word' id='word_1_39' title='bbox 313 640 445 696; x_wconf 84' lang='lat' dir='ltr'>laudemque</span> <span class='ocrx_word' id='word_1_40' title='bbox 453 654 467 683; x_wconf 90' lang='lat' dir='ltr'>a</span> <span class='ocrx_word' id='word_1_41' title='bbox 476 640 567 683; x_wconf 89' lang='lat' dir='ltr'>crimine</span> <span class='ocrx_word' id='word_1_42' title='bbox 576 640 651 684; x_wconf 88' lang='lat' dir='ltr'>sumit.</span> 
     </span>
    </p>

    <p class='ocr_par' dir='ltr' id='par_1_8' title="bbox 78 713 722 771">
     <span class='ocr_line' id='line_1_8' title="bbox 78 713 722 771; baseline 0.003 -15"><span class='ocrx_word' id='word_1_43' title='bbox 78 714 149 771; x_wconf 69' lang='lat' dir='ltr'>Quid,</span> <span class='ocrx_word' id='word_1_44' title='bbox 159 715 219 771; x_wconf 91' lang='lat' dir='ltr'>quod</span> <span class='ocrx_word' id='word_1_45' title='bbox 229 713 287 756; x_wconf 90' lang='lat' dir='ltr'>idem</span> <span class='ocrx_word' id='word_1_46' title='bbox 296 713 415 757; x_wconf 79' lang='lat' dir='ltr'>Philomela</span> <span class='ocrx_word' id='word_1_47' title='bbox 424 715 497 771; x_wconf 73' lang='lat' dir='ltr'>cupit?</span> <span class='ocrx_word' id='word_1_48' title='bbox 506 715 629 771; x_wconf 85' lang='lat' dir='ltr'>patriosque</span> <span class='ocrx_word' id='word_1_49' title='bbox 637 714 722 759; x_wconf 82' lang='lat' dir='ltr'>lacertis</span> 
     </span>
    </p>

    <p class='ocr_par' dir='ltr' id='par_1_9' title="bbox 77 787 646 841">
     <span class='ocr_line' id='line_1_9' title="bbox 77 787 646 841; baseline 0 -11"><span class='ocrx_word' id='word_1_50' title='bbox 77 787 162 830; x_wconf 78' lang='lat' dir='ltr'>Blanda</span> <span class='ocrx_word' id='word_1_51' title='bbox 172 797 246 830; x_wconf 88' lang='lat' dir='ltr'>teneus</span> <span class='ocrx_word' id='word_1_52' title='bbox 255 787 370 839; x_wconf 86' lang='lat' dir='ltr'>humeros,</span> <span class='ocrx_word' id='word_1_53' title='bbox 379 796 405 829; x_wconf 92' lang='lat' dir='ltr'>ut</span> <span class='ocrx_word' id='word_1_54' title='bbox 413 797 449 830; x_wconf 85' lang='lat' dir='ltr'>eat</span> <span class='ocrx_word' id='word_1_55' title='bbox 458 787 529 830; x_wconf 83' lang='lat' dir='ltr'>visura</span> <span class='ocrx_word' id='word_1_56' title='bbox 538 801 646 841; x_wconf 84' lang='lat' dir='ltr'>sororem,</span> 
     </span>
    </p>

    <p class='ocr_par' dir='ltr' id='par_1_10' title="bbox 79 861 722 918">
     <span class='ocr_line' id='line_1_10' title="bbox 79 861 722 918; baseline 0.002 -14"><span class='ocrx_word' id='word_1_57' title='bbox 79 864 163 918; x_wconf 83' lang='lat' dir='ltr'>Perque</span> <span class='ocrx_word' id='word_1_58' title='bbox 172 875 247 912; x_wconf 83' lang='lat' dir='ltr'>suam,</span> <span class='ocrx_word' id='word_1_59' title='bbox 258 871 375 917; x_wconf 80' lang='lat' dir='ltr'>contraque</span> <span class='ocrx_word' id='word_1_60' title='bbox 384 873 459 912; x_wconf 89' lang='lat' dir='ltr'>suam,</span> <span class='ocrx_word' id='word_1_61' title='bbox 469 861 524 917; x_wconf 86' lang='lat' dir='ltr'>petit</span> <span class='ocrx_word' id='word_1_62' title='bbox 533 876 613 917; x_wconf 84' lang='lat' dir='ltr'>usque,</span> <span class='ocrx_word' id='word_1_63' title='bbox 622 861 722 905; x_wconf 86' lang='lat' dir='ltr'>salutem.</span> 
     </span>
    </p>

    <p class='ocr_par' dir='ltr' id='par_1_11' title="bbox 79 935 652 991">
     <span class='ocr_line' id='line_1_11' title="bbox 79 935 652 991; baseline 0 -14"><span class='ocrx_word' id='word_1_64' title='bbox 79 936 167 991; x_wconf 83' lang='lat' dir='ltr'>Spectat</span> <span class='ocrx_word' id='word_1_65' title='bbox 176 947 225 976; x_wconf 90' lang='lat' dir='ltr'>eam</span> <span class='ocrx_word' id='word_1_66' title='bbox 233 936 324 986; x_wconf 83' lang='lat' dir='ltr'>Tereus,</span> <span class='ocrx_word' id='word_1_67' title='bbox 333 943 539 990; x_wconf 72' lang='lat' dir='ltr'>praecontrectatque</span> <span class='ocrx_word' id='word_1_68' title='bbox 548 935 652 986; x_wconf 77' lang='lat' dir='ltr'>videndo3</span> 
     </span>
    </p>

    <p class='ocr_par' dir='ltr' id='par_1_12' title="bbox 78 1006 658 1064">
     <span class='ocr_line' id='line_1_12' title="bbox 78 1006 658 1064; baseline 0 -13"><span class='ocrx_word' id='word_1_69' title='bbox 78 1007 212 1064; x_wconf 81' lang='lat' dir='ltr'>Osculaque,</span> <span class='ocrx_word' id='word_1_70' title='bbox 222 1017 244 1050; x_wconf 89' lang='lat' dir='ltr'>et</span> <span class='ocrx_word' id='word_1_71' title='bbox 252 1006 308 1049; x_wconf 88' lang='lat' dir='ltr'>collo</span> <span class='ocrx_word' id='word_1_72' title='bbox 317 1007 451 1050; x_wconf 84' lang='lat' dir='ltr'>circumdata</span> <span class='ocrx_word' id='word_1_73' title='bbox 461 1007 549 1050; x_wconf 89' lang='lat' dir='ltr'>brachia</span> <span class='ocrx_word' id='word_1_74' title='bbox 557 1022 658 1060; x_wconf 86' lang='lat' dir='ltr'>cerneus,</span> 
     </span>
    </p>

    <p class='ocr_par' dir='ltr' id='par_1_13' title="bbox 80 1080 661 1137">
     <span class='ocr_line' id='line_1_13' title="bbox 80 1080 661 1137; baseline 0 -13"><span class='ocrx_word' id='word_1_75' title='bbox 80 1082 161 1124; x_wconf 84' lang='lat' dir='ltr'>Omnia</span> <span class='ocrx_word' id='word_1_76' title='bbox 169 1095 209 1137; x_wconf 84' lang='lat' dir='ltr'>pro</span> <span class='ocrx_word' id='word_1_77' title='bbox 217 1080 323 1132; x_wconf 85' lang='lat' dir='ltr'>stimulis,</span> <span class='ocrx_word' id='word_1_78' title='bbox 332 1080 469 1136; x_wconf 81' lang='lat' dir='ltr'>facibusque,</span> <span class='ocrx_word' id='word_1_79' title='bbox 476 1081 570 1137; x_wconf 56' lang='lat' dir='ltr'>*ciboque</span> <span class='ocrx_word' id='word_1_80' title='bbox 580 1080 661 1125; x_wconf 78' lang='lat' dir='ltr'>furoris</span> 
     </span>
    </p>

    <p class='ocr_par' dir='ltr' id='par_1_14' title="bbox 81 1154 629 1212">
     <span class='ocr_line' id='line_1_14' title="bbox 81 1154 629 1212; baseline -0.004 -12"><span class='ocrx_word' id='word_1_81' title='bbox 81 1155 176 1211; x_wconf 63' lang='lat' dir='ltr'>accipin</span> <span class='ocrx_word' id='word_1_82' title='bbox 185 1165 207 1198; x_wconf 89' lang='lat' dir='ltr'>et</span> <span class='ocrx_word' id='word_1_83' title='bbox 215 1155 301 1212; x_wconf 88' lang='lat' dir='ltr'>quoties</span> <span class='ocrx_word' id='word_1_84' title='bbox 310 1154 451 1210; x_wconf 78' lang='lat' dir='ltr'>amplectitur</span> <span class='ocrx_word' id='word_1_85' title='bbox 458 1154 496 1197; x_wconf 89' lang='lat' dir='ltr'>illa</span> <span class='ocrx_word' id='word_1_86' title='bbox 504 1159 629 1211; x_wconf 78' lang='lat' dir='ltr'>parentem,</span> 
     </span>
    </p>

    <p class='ocr_par' dir='ltr' id='par_1_15' title="bbox 79 1227 710 1357">
     <span class='ocr_line' id='line_1_15' title="bbox 79 1227 694 1286; baseline -0.002 -15"><span class='ocrx_word' id='word_1_87' title='bbox 79 1233 131 1275; x_wconf 75' lang='lat' dir='ltr'>Esse</span> <span class='ocrx_word' id='word_1_88' title='bbox 139 1242 217 1286; x_wconf 84' lang='lat' dir='ltr'>parens</span> <span class='ocrx_word' id='word_1_89' title='bbox 225 1228 301 1271; x_wconf 85' lang='lat' dir='ltr'>vellet:</span> <span class='ocrx_word' id='word_1_90' title='bbox 311 1227 450 1283; x_wconf 88' lang='lat' dir='ltr'>nequeenim</span> <span class='ocrx_word' id='word_1_91' title='bbox 460 1227 533 1270; x_wconf 87' lang='lat' dir='ltr'>minus</span> <span class='ocrx_word' id='word_1_92' title='bbox 542 1228 624 1285; x_wconf 84' lang='lat' dir='ltr'>impius</span> <span class='ocrx_word' id='word_1_93' title='bbox 632 1238 694 1272; x_wconf 67' lang='lat' dir='ltr'>esset„</span> 
     </span>
     <span class='ocr_line' id='line_1_16' title="bbox 110 1299 710 1357; baseline -0.005 -12"><span class='ocrx_word' id='word_1_94' title='bbox 110 1302 214 1346; x_wconf 87' lang='lat' dir='ltr'>Vincitur</span> <span class='ocrx_word' id='word_1_95' title='bbox 221 1301 339 1344; x_wconf 86' lang='lat' dir='ltr'>ambarum</span> <span class='ocrx_word' id='word_1_96' title='bbox 348 1299 433 1356; x_wconf 73' lang='lat' dir='ltr'>genitor</span> <span class='ocrx_word' id='word_1_97' title='bbox 441 1312 514 1355; x_wconf 84' lang='lat' dir='ltr'>prece:</span> <span class='ocrx_word' id='word_1_98' title='bbox 524 1301 614 1356; x_wconf 73' lang='lat' dir='ltr'>gaudet,</span> <span class='ocrx_word' id='word_1_99' title='bbox 624 1301 710 1357; x_wconf 77' lang='lat' dir='ltr'>agitque</span> 
     </span>
    </p>

    <p class='ocr_par' dir='ltr' id='par_1_16' title="bbox 79 1372 537 1433">
     <span class='ocr_line' id='line_1_17' title="bbox 79 1372 537 1433; baseline -0.009 -13"><span class='ocrx_word' id='word_1_100' title='bbox 79 1377 120 1421; x_wconf 80' lang='lat' dir='ltr'>Illa</span> <span class='ocrx_word' id='word_1_101' title='bbox 129 1376 186 1433; x_wconf 81' lang='lat' dir='ltr'>patri</span> <span class='ocrx_word' id='word_1_102' title='bbox 195 1385 277 1433; x_wconf 55' lang='lat' dir='ltr'>gratem</span> <span class='ocrx_word' id='word_1_103' title='bbox 287 1384 309 1418; x_wconf 86' lang='lat' dir='ltr'>et</span> <span class='ocrx_word' id='word_1_104' title='bbox 316 1373 442 1417; x_wconf 78' lang='lat' dir='ltr'>successisse</span> <span class='ocrx_word' id='word_1_105' title='bbox 450 1372 537 1416; x_wconf 88' lang='lat' dir='ltr'>duabus</span> 
     </span>
    </p>

    <p class='ocr_par' dir='ltr' id='par_1_17' title="bbox 82 1447 598 1507">
     <span class='ocr_line' id='line_1_18' title="bbox 82 1447 598 1507; baseline -0.006 -14"><span class='ocrx_word' id='word_1_106' title='bbox 82 1451 108 1494; x_wconf 93' lang='lat' dir='ltr'>ld</span> <span class='ocrx_word' id='word_1_107' title='bbox 117 1452 182 1507; x_wconf 73' lang='lat' dir='ltr'>putat</span> <span class='ocrx_word' id='word_1_108' title='bbox 191 1449 276 1499; x_wconf 77' lang='lat' dir='ltr'>infelix,</span> <span class='ocrx_word' id='word_1_109' title='bbox 284 1450 344 1506; x_wconf 93' lang='lat' dir='ltr'>quod</span> <span class='ocrx_word' id='word_1_110' title='bbox 353 1447 395 1491; x_wconf 76' lang='lat' dir='ltr'>eric</span> <span class='ocrx_word' id='word_1_111' title='bbox 403 1447 496 1504; x_wconf 68' lang='lat' dir='ltr'>lugubre</span> <span class='ocrx_word' id='word_1_112' title='bbox 505 1447 598 1491; x_wconf 87' lang='lat' dir='ltr'>duabus.</span> 
     </span>
    </p>

    <p class='ocr_par' dir='ltr' id='par_1_18' title="bbox 81 1521 691 1579">
     <span class='ocr_line' id='line_1_19' title="bbox 81 1521 691 1579; baseline -0.007 -12"><span class='ocrx_word' id='word_1_113' title='bbox 81 1527 133 1568; x_wconf 79' lang='lat' dir='ltr'>lam</span> <span class='ocrx_word' id='word_1_114' title='bbox 142 1524 205 1566; x_wconf 85' lang='lat' dir='ltr'>labor</span> <span class='ocrx_word' id='word_1_115' title='bbox 213 1524 302 1579; x_wconf 72' lang='lat' dir='ltr'>exiguus</span> <span class='ocrx_word' id='word_1_116' title='bbox 313 1522 392 1565; x_wconf 72' lang='lat' dir='ltr'>Phoebo</span> <span class='ocrx_word' id='word_1_117' title='bbox 402 1522 509 1564; x_wconf 86' lang='lat' dir='ltr'>restabat:</span> <span class='ocrx_word' id='word_1_118' title='bbox 519 1521 612 1578; x_wconf 90' lang='lat' dir='ltr'>equique</span> <span class='ocrx_word' id='word_1_119' title='bbox 688 1541 691 1550; x_wconf 85' lang='lat'><em>=</em></span> 
     </span>
    </p>

    <p class='ocr_par' dir='ltr' id='par_1_19' title="bbox 82 1594 602 1652">
     <span class='ocr_line' id='line_1_20' title="bbox 82 1594 602 1652; baseline -0.01 -11"><span class='ocrx_word' id='word_1_120' title='bbox 82 1598 201 1641; x_wconf 86' lang='lat' dir='ltr'>Pulsabant</span> <span class='ocrx_word' id='word_1_121' title='bbox 209 1596 301 1652; x_wconf 83' lang='lat' dir='ltr'>pedibus</span> <span class='ocrx_word' id='word_1_122' title='bbox 310 1596 405 1652; x_wconf 85' lang='lat' dir='ltr'>spatium</span> <span class='ocrx_word' id='word_1_123' title='bbox 414 1594 500 1637; x_wconf 82' lang='lat' dir='ltr'>declivis</span> <span class='ocrx_word' id='word_1_124' title='bbox 509 1594 602 1652; x_wconf 75' lang='lat' dir='ltr'>Olympi.</span> 
     </span>
    </p>

    <p class='ocr_par' dir='ltr' id='par_1_20' title="bbox 83 1669 582 1729">
     <span class='ocr_line' id='line_1_21' title="bbox 83 1669 582 1729; baseline -0.006 -13"><span class='ocrx_word' id='word_1_125' title='bbox 83 1672 172 1729; x_wconf 76' lang='lat' dir='ltr'>Regales</span> <span class='ocrx_word' id='word_1_126' title='bbox 181 1671 250 1728; x_wconf 80' lang='lat' dir='ltr'>epula</span> <span class='ocrx_word' id='word_1_127' title='bbox 260 1671 350 1721; x_wconf 84' lang='lat' dir='ltr'>mensis,</span> <span class='ocrx_word' id='word_1_128' title='bbox 358 1680 381 1713; x_wconf 91' lang='lat' dir='ltr'>et</span> <span class='ocrx_word' id='word_1_129' title='bbox 390 1669 485 1713; x_wconf 81' lang='lat' dir='ltr'>Bacchus</span> <span class='ocrx_word' id='word_1_130' title='bbox 493 1670 516 1712; x_wconf 91' lang='lat' dir='ltr'>in</span> <span class='ocrx_word' id='word_1_131' title='bbox 528 1683 582 1713; x_wconf 89' lang='lat' dir='ltr'>auro</span> 
     </span>
    </p>

    <p class='ocr_par' dir='ltr' id='par_1_21' title="bbox 84 1744 677 1801">
     <span class='ocr_line' id='line_1_22' title="bbox 84 1744 677 1801; baseline -0.008 -11"><span class='ocrx_word' id='word_1_132' title='bbox 84 1745 189 1790; x_wconf 79' lang='lat' dir='ltr'>Ponitur:</span> <span class='ocrx_word' id='word_1_133' title='bbox 201 1745 252 1788; x_wconf 88' lang='lat' dir='ltr'>hinc</span> <span class='ocrx_word' id='word_1_134' title='bbox 261 1744 346 1801; x_wconf 84' lang='lat' dir='ltr'>placido</span> <span class='ocrx_word' id='word_1_135' title='bbox 355 1744 436 1786; x_wconf 88' lang='lat' dir='ltr'>dantur</span> <span class='ocrx_word' id='word_1_136' title='bbox 444 1756 484 1786; x_wconf 84' lang='lat' dir='ltr'>sua</span> <span class='ocrx_word' id='word_1_137' title='bbox 493 1756 584 1800; x_wconf 85' lang='lat' dir='ltr'>corpora</span> <span class='ocrx_word' id='word_1_138' title='bbox 593 1757 677 1787; x_wconf 88' lang='lat' dir='ltr'>somno.</span> 
     </span>
    </p>

    <p class='ocr_par' dir='ltr' id='par_1_22' title="bbox 84 1818 572 1878">
     <span class='ocr_line' id='line_1_23' title="bbox 84 1818 572 1878; baseline -0.008 -14"><span class='ocrx_word' id='word_1_139' title='bbox 84 1824 112 1864; x_wconf 73' lang='lat' dir='ltr'>At</span> <span class='ocrx_word' id='word_1_140' title='bbox 121 1834 158 1864; x_wconf 82' lang='lat' dir='ltr'>rex</span> <span class='ocrx_word' id='word_1_141' title='bbox 167 1819 279 1878; x_wconf 73' lang='lat' dir='ltr'>Odrysius,</span> <span class='ocrx_word' id='word_1_142' title='bbox 289 1818 389 1874; x_wconf 84' lang='lat' dir='ltr'>quamvis</span> <span class='ocrx_word' id='word_1_143' title='bbox 397 1818 493 1866; x_wconf 79' lang='lat' dir='ltr'>secessit.</span> <span class='ocrx_word' id='word_1_144' title='bbox 502 1819 525 1860; x_wconf 91' lang='lat' dir='ltr'>in</span> <span class='ocrx_word' id='word_1_145' title='bbox 535 1818 572 1861; x_wconf 85' lang='lat' dir='ltr'>illa</span> 
     </span>
    </p>

    <p class='ocr_par' dir='ltr' id='par_1_23' title="bbox 85 1891 697 1949">
     <span class='ocr_line' id='line_1_24' title="bbox 85 1891 697 1949; baseline -0.01 -11"><span class='ocrx_word' id='word_1_146' title='bbox 85 1898 181 1939; x_wconf 72' lang='lat' dir='ltr'>Rstuat:</span> <span class='ocrx_word' id='word_1_147' title='bbox 191 1903 213 1936; x_wconf 88' lang='lat' dir='ltr'>et</span> <span class='ocrx_word' id='word_1_148' title='bbox 222 1902 318 1949; x_wconf 84' lang='lat' dir='ltr'>repetens</span> <span class='ocrx_word' id='word_1_149' title='bbox 328 1891 418 1939; x_wconf 82' lang='lat' dir='ltr'>faciem.</span> <span class='ocrx_word' id='word_1_150' title='bbox 429 1900 556 1947; x_wconf 86' lang='lat' dir='ltr'>motusque,</span> <span class='ocrx_word' id='word_1_151' title='bbox 565 1904 697 1945; x_wconf 82' lang='lat' dir='ltr'>manusque;</span> 
     </span>
    </p>
   </div>
   <div class='ocr_carea' id='block_1_3' title="bbox 84 1962 659 2309">
    <p class='ocr_par' dir='ltr' id='par_1_24' title="bbox 84 1962 639 2027">
     <span class='ocr_line' id='line_1_25' title="bbox 84 1962 639 2027; baseline -0.009 -17"><span class='ocrx_word' id='word_1_152' title='bbox 84 1967 162 2027; x_wconf 74' lang='lat' dir='ltr'>Qualia</span> <span class='ocrx_word' id='word_1_153' title='bbox 172 1965 219 2009; x_wconf 80' lang='lat' dir='ltr'>ruit</span> <span class='ocrx_word' id='word_1_154' title='bbox 228 1965 300 2023; x_wconf 69' lang='lat' dir='ltr'>lingit,</span> <span class='ocrx_word' id='word_1_155' title='bbox 310 1978 358 2021; x_wconf 76' lang='lat' dir='ltr'>qua</span> <span class='ocrx_word' id='word_1_156' title='bbox 366 1964 466 2007; x_wconf 89' lang='lat' dir='ltr'>nondum</span> <span class='ocrx_word' id='word_1_157' title='bbox 476 1962 540 2015; x_wconf 81' lang='lat' dir='ltr'>vidit;</span> <span class='ocrx_word' id='word_1_158' title='bbox 549 1971 571 2004; x_wconf 89' lang='lat' dir='ltr'>et</span> <span class='ocrx_word' id='word_1_159' title='bbox 580 1963 639 2018; x_wconf 79' lang='lat' dir='ltr'>ignes</span> 
     </span>
    </p>

    <p class='ocr_par' dir='ltr' id='par_1_25' title="bbox 86 2041 596 2100">
     <span class='ocr_line' id='line_1_26' title="bbox 86 2041 596 2100; baseline -0.018 -14"><span class='ocrx_word' id='word_1_160' title='bbox 86 2045 135 2100; x_wconf 84' lang='lat' dir='ltr'>lpse</span> <span class='ocrx_word' id='word_1_161' title='bbox 145 2055 196 2085; x_wconf 85' lang='lat' dir='ltr'>suos</span> <span class='ocrx_word' id='word_1_162' title='bbox 204 2041 284 2091; x_wconf 88' lang='lat' dir='ltr'>nutrit,</span> <span class='ocrx_word' id='word_1_163' title='bbox 294 2053 347 2082; x_wconf 88' lang='lat' dir='ltr'>cura</span> <span class='ocrx_word' id='word_1_164' title='bbox 356 2047 480 2081; x_wconf 83' lang='lat' dir='ltr'>removente</span> <span class='ocrx_word' id='word_1_165' title='bbox 488 2049 596 2092; x_wconf 82' lang='lat' dir='ltr'>soporem.</span> 
     </span>
    </p>

    <p class='ocr_par' dir='ltr' id='par_1_26' title="bbox 88 2108 657 2171">
     <span class='ocr_line' id='line_1_27' title="bbox 88 2108 657 2171; baseline -0.019 -10"><span class='ocrx_word' id='word_1_166' title='bbox 88 2119 135 2161; x_wconf 81' lang='lat' dir='ltr'>Lux</span> <span class='ocrx_word' id='word_1_167' title='bbox 143 2124 200 2167; x_wconf 89' lang='lat' dir='ltr'>erat;</span> <span class='ocrx_word' id='word_1_168' title='bbox 209 2124 242 2167; x_wconf 85' lang='lat' dir='ltr'>et,</span> <span class='ocrx_word' id='word_1_169' title='bbox 252 2113 324 2171; x_wconf 72' lang='lat' dir='ltr'>generi</span> <span class='ocrx_word' id='word_1_170' title='bbox 333 2113 432 2155; x_wconf 85' lang='lat' dir='ltr'>dextram</span> <span class='ocrx_word' id='word_1_171' title='bbox 441 2110 566 2165; x_wconf 79' lang='lat' dir='ltr'>complexus</span> <span class='ocrx_word' id='word_1_172' title='bbox 575 2108 657 2162; x_wconf 87' lang='lat' dir='ltr'>euntis,</span> 
     </span>
    </p>

    <p class='ocr_par' dir='ltr' id='par_1_27' title="bbox 86 2183 659 2309">
     <span class='ocr_line' id='line_1_28' title="bbox 86 2183 659 2245; baseline -0.021 -9"><span class='ocrx_word' id='word_1_173' title='bbox 86 2190 185 2236; x_wconf 85' lang='lat' dir='ltr'>Pandion</span> <span class='ocrx_word' id='word_1_174' title='bbox 194 2189 298 2234; x_wconf 83' lang='lat' dir='ltr'>comitem</span> <span class='ocrx_word' id='word_1_175' title='bbox 306 2187 407 2245; x_wconf 69' lang='lat' dir='ltr'>lacrymis</span> <span class='ocrx_word' id='word_1_176' title='bbox 417 2183 556 2229; x_wconf 83' lang='lat' dir='ltr'>commendas</span> <span class='ocrx_word' id='word_1_177' title='bbox 565 2183 659 2226; x_wconf 82' lang='lat' dir='ltr'>obortis:</span> 
     </span>
     <span class='ocr_line' id='line_1_29' title="bbox 120 2256 657 2309; baseline -0.02 0"><span class='ocrx_word' id='word_1_178' title='bbox 120 2278 154 2309; x_wconf 80' lang='lat' dir='ltr'>ar.</span> <span class='ocrx_word' id='word_1_179' title='bbox 394 2267 396 2272; x_wconf 84' lang='lat'>&#39;</span> <span class='ocrx_word' id='word_1_180' title='bbox 632 2256 657 2299; x_wconf 72' lang='lat'>1³</span> 
     </span>
    </p>
   </div>
   <div class='ocr_carea' id='block_1_4' title="bbox 0 0 855 2592">
    <p class='ocr_par' dir='ltr' id='par_1_28' title="bbox 0 0 855 2592">
     <span class='ocr_line' id='line_1_30' title="bbox 0 0 855 2592; baseline 0 0"><span class='ocrx_word' id='word_1_181' title='bbox 0 0 855 2592; x_wconf 95' lang='lat' dir='ltr'> </span> 
     </span>
    </p>
   </div>
  </div>
 </body>
</html>
