1667 2592
127 175 154 215 56
280 174 612 216 METAMORPHOSEON
688 179 782 235 mqqq.

126 266 153 306 Et
162 262 237 305 timuit
245 263 329 319 primo,
339 278 367 306 ne
375 263 461 319 Jupiter
469 272 524 306 esset
533 263 556 305 in
565 262 609 306 ille.

128 339 169 380 Sed
178 346 295 393 postquam
305 338 386 393 pariter
394 338 509 394 Nymphas
518 338 618 385 incedere
626 337 694 388 vidit,
730 354 733 359 ·

129 411 198 454 Sensit
207 412 280 453 abesse
289 411 361 461 dolos;
371 425 535 467 numerumque
545 412 635 454 necessit
643 412 672 454 ed
681 412 782 457 harum:

130 485 187 527 lieu!
197 498 265 539 quam
274 484 364 527 difficile
373 493 416 535 est,
426 485 510 527 crimen
518 498 564 527 non
573 486 666 541 prodere
675 486 759 530 vultu!

129 559 171 601 Vix
179 557 254 600 oculos
263 557 343 601 attollit
352 558 435 600 humo:
445 572 497 609 nee,
507 569 533 601 ut
543 569 594 601 aute
603 558 702 612 solebat,

129 634 209 675 Juneta
218 635 264 673 ueae
274 631 347 682 lateri,
357 646 397 674 nec
408 641 455 675 toto
463 642 496 675 est
504 628 592 689 agmine
600 634 688 689 prime:

130 707 170 748 Sed
180 704 238 756 silet;
248 715 270 748 et
279 704 321 747 lesi
331 706 369 747 dar
377 704 439 760 signa
448 706 529 748 rubore
538 705 634 761 pudoris

130 780 156 822 Et
166 777 221 835 (nisi
230 780 289 833 quod
300 778 362 834 virgo
369 777 415 835 est)
425 788 510 834 poteret
519 779 599 820 sentire
609 778 676 821 Diana

131 853 189 897 Mille
199 853 256 896 uotis
265 854 360 910 culpam.
370 854 477 911 Nympliee
485 854 575 896 sensisse
585 853 696 897 feruntur.

131 929 188 971 Orbe
198 928 339 983 resurgebant
348 928 442 971 lunaria
451 940 534 970 cornua
544 941 615 978 nono3

52 1009 53 1014 ’
132 1003 207 1058 Quum
216 1004 258 1043 Dea
268 1003 375 1053 venatrix,
385 1001 487 1044 fraternis
496 1001 597 1057 languida
608 1001 721 1053 flammis.

133 1078 202 1119 Nacta
212 1090 290 1119 nemus
299 1077 405 1133 gelidum,
415 1079 442 1120 de
451 1091 496 1133 que
505 1091 558 1120 cum
567 1091 685 1121 murmure
695 1078 778 1124 labens

132 1151 191 1201 Ibat,
201 1160 223 1192 et
231 1150 316 1193 attritas
325 1151 424 1194 versabat
434 1151 492 1194 rivus
501 1165 584 1194 arenas.

133 1225 161 1266 llt
169 1224 217 1265 loen
227 1223 332 1274 laudavi13
344 1237 442 1266 summas
452 1224 506 1280 pede
515 1223 607 1279 contigit
615 1225 695 1267 undae.

134 1297 170 1340 llis
180 1310 267 1353 quoque
276 1296 380 1346 laudatis,
390 1314 403 1337 u
408 1297 485 1340 Procul
495 1308 538 1348 est,
548 1297 589 1346 ait,
599 1298 684 1341 arbiter
692 1300 786 1343 omnis:

134 1373 200 1415 Nuda
209 1371 328 1428 superfusis
338 1372 449 1428 tingamus
457 1385 548 1429 corpore
558 1370 681 1429 lymphis.»

134 1446 243 1488 Parrhasis
251 1447 346 1489 erubuit.
356 1449 445 1489 ennete
453 1446 561 1488 velamina
569 1455 658 1502 ponunt
666 1461 672 1487 x

137 1522 184 1563 Una'
193 1534 266 1562 mores
275 1520 359 1575 querit.
369 1519 481 1563 Dubitanti
491 1519 554 1562 vestis
563 1519 652 1563 ademta
662 1530 696 1564 est
705 1539 714 1565 ι

135 1594 184 1651 Qua
193 1594 274 1649 posite,
284 1594 344 1635 nudo
354 1594 426 1649 patuit
434 1607 486 1636 cum
496 1605 587 1649 corpore
595 1593 691 1637 crimen.

136 1666 248 1716 Attonitae,
259 1667 404 1724 manibusque
413 1678 502 1711 uterum
511 1667 581 1709 e'elare
590 1667 685 1721 veienti,

137 1743 165 1782 ui
174 1738 251 1795 procul
261 1739 323 1791 hinc,
332 1741 397 1792 diiii,
406 1756 447 1784 nee
456 1754 528 1783 sacros
537 1740 611 1797 pollue
620 1740 709 1795 fontes,
733 1740 739 1745 ”

136 1812 229 1871 Cynthia
236 1829 241 1854 :
248 1830 260 1852 »ι
270 1814 339 1869 deque
348 1828 388 1857 suo
394 1815 461 1871 jussit
470 1815 567 1857 secedere
576 1824 640 1858 coetu.

166 1890 265 1930 Senserat
274 1887 315 1930 hoc
325 1887 379 1930 olim
388 1890 461 1944 magni
471 1899 572 1932 matrona
580 1889 698 1941 Tonantis,

137 1961 296 2017 Distuleretque
305 1975 378 2017 graves
388 1963 410 2004 in
420 1963 498 2005 idonea
508 1973 607 2020 tempora
616 1977 702 2019 peenas.

138 2038 208 2079 Carisa
218 2048 284 2077 morae
294 2034 354 2077 nulle
363 2046 407 2077 est:
417 2036 493 2092 etjam
503 2049 558 2092 puer
566 2039 631 2078 Areas
640 2035 679 2092 (id
688 2037 764 2094 ipsum

138 2108 236 2151 Indoluit
243 2107 315 2163 luno)
326 2108 397 2151 iuerat
406 2110 433 2151 de
442 2110 517 2166 pellice
526 2121 597 2152 natus.

140 2183 189 2241 Quo
197 2181 265 2225 simul
274 2181 368 2224 obvertit
376 2195 456 2225 saevam
465 2197 517 2227 cum
526 2183 610 2226 lumine
620 2192 734 2236 mentem
