1667 2592
109 184 149 214 tto
258 173 590 216 unrlnonrnosnon
663 176 747 229 uus.

104 264 188 318 Resque
197 261 240 305 fide
249 256 331 320 major,
341 277 423 319 coepere
432 263 535 306 virescere
544 263 602 316 telo,

106 339 174 393 Inque
183 338 267 380 hederae
277 338 354 381 faciem
364 340 460 394 pendens
470 339 605 382 frondescere
614 339 685 383 vestis.
695 346 699 351 ”
728 390 730 394 ι

106 411 157 451 Pars
166 411 211 453 abit
220 410 243 452 in
252 411 317 453 vites:
327 421 349 454 et
356 426 405 467 quae
415 413 481 454 modo
491 412 527 455 fila
536 412 638 463 fuerunt,

107 482 197 526 Palmite
207 494 333 527 mutantur:
343 486 369 526 de
378 486 472 527 stamine
482 486 598 541 pampinus
607 484 663 529 enit:
725 525 727 530 .

108 558 211 612 Purpura⁴
217 556 323 613 fulgorem
332 557 395 613 pictis
404 559 557 601 accommodat
565 559 624 603 uris..

108 629 200 686 lamque
209 630 253 672 dies
263 641 350 673 exactus
358 641 415 680 erat,
426 641 555 687 tempusque
563 632 663 683 subibat,

110 706 173 761 Quod
184 716 209 748 tn
218 719 257 748 nec
267 707 377 755 tenebras,
387 721 427 748 nec
436 706 504 762 possis
512 707 582 749 dicere
591 706 676 758 lucem

110 780 150 823 Sed
158 793 209 822 cum
219 780 267 823 luce
277 791 351 823 tamen
359 780 431 824 dubia
440 781 535 824 confinia
544 781 621 824 noctis.

111 855 176 896 Tecta
185 864 272 910 repente
280 855 353 910 quati,
364 855 498 911 pinguesque
506 856 582 897 ardere
591 855 693 898 videntur

111 928 241 983 Lampados,
251 938 273 970 et
281 928 351 971 rutilis
360 928 467 970 collucere
476 928 562 982 ignibus
571 928 637 978 ades3

112 1000 216 1055 Falsaque
225 1014 330 1044 serarum
340 1001 457 1043 simulacra
467 1000 550 1044 ululare
559 1001 664 1044 ferarum.

112 1073 202 1116 Fumida
209 1073 344 1129 jamdudum
353 1073 488 1130 latitant'per
497 1084 552 1118 tecta
560 1089 656 1127 sorores;

111 1147 245 1202 Diversaeque
256 1146 308 1190 locis
318 1148 376 1203 ignes
385 1162 410 1190 ac
420 1148 504 1191 lumine
514 1149 588 1192 vitant.

112 1222 212 1276 Dumque
221 1230 298 1277 petunt
307 1220 410 1269 latebras,
421 1234 497 1276 parvos
507 1222 635 1264 membrana
644 1234 684 1278 per
693 1231 758 1265 artus

113 1295 241 1351 Porrigitur,
252 1296 354 1350 tenuique
363 1295 448 1338 inducit
457 1295 545 1338 brachia
554 1309 632 1351 penna.

113 1370 169 1418 Nec,
178 1383 222 1424 qua
231 1367 363 1425 perdiderint
372 1378 466 1410 veterem
476 1368 558 1411 ratione
567 1367 674 1424 figurem,

112 1443 169 1484 Scire
179 1442 254 1484 sinunt
264 1443 369 1485 tenebrae:
379 1455 424 1484 non
433 1441 480 1484 illas
490 1441 566 1497 pluma
574 1441 663 1493 levarit;

114 1515 239 1558 Sustinuere
249 1525 321 1558 tamen
330 1529 352 1557 se
364 1515 525 1572 perlucentibus
535 1514 585 1566 alis;

115 1590 244 1643 conataeque
252 1587 325 1643 loqui,
335 1587 451 1629 minimam
461 1601 500 1643 pro
510 1600 600 1643 corpore
609 1600 685 1630 rocem

115 1660 233 1712 Ernittunt;
243 1670 392 1716 peraguntque
402 1659 444 1701 leri
453 1659 545 1702 stridore
553 1658 658 1715 querelas.

114 1738 233 1790 Tectaque,
242 1747 287 1776 non
296 1734 370 1784 silvas,
380 1733 502 1776 celebrant:
512 1732 627 1788 lucemque
636 1745 722 1788 perosae

117 1812 184 1852 Nocte
193 1808 278 1859 volant,
288 1821 377 1863 seroque
387 1808 478 1851 trahunt
486 1821 499 1850 a
508 1820 594 1863 vespere
603 1820 693 1849 nomen.

146 1961 183 2001 lx.
191 1960 243 2000 Tun
253 1971 303 2000 vero
313 1955 363 1999 totis
372 1956 446 1999 bacchi
458 1954 599 1998 memorabile
607 1954 688 1996 Thebis

116 2037 204 2078 Numen
214 2042 270 2081 erat3
281 2045 413 2087 magnusque
422 2030 474 2073 novi
482 2040 599 2073 matertera
609 2028 663 2071 vires

117 2110 197 2150 Narrat
207 2105 287 2160 ubique
296 2105 332 2147 Dei
340 2120 345 2145 :
355 2105 382 2146 de
392 2113 467 2158 totque
475 2102 585 2144 sororibus
594 2113 675 2155 expers

118 2184 164 2224 Una
173 2180 253 2223 doloris
261 2188 318 2233 crat,
328 2178 368 2221 nisi
378 2191 444 2233 quern
455 2176 524 2220 fecere
533 2189 627 2220 sorores.
