1667 2592
129 199 171 240 226
282 196 613 243 nettuorenosaort
686 213 707 240 v.
720 201 769 252 761.
821 216 822 253 1

129 288 250 329 Immemor
259 289 390 344 ambagum,
399 297 458 332 vates
467 288 570 339 obscura,
579 301 680 330 suarum.

130 359 215 403 Scilicet
223 360 282 404 alma
290 362 377 405 Themis
386 375 431 404 non
442 361 492 404 talia
502 361 580 417 linquit
588 361 666 405 inulta.

133 434 233 478 Protinus
241 436 313 478 Aoniis
321 436 451 480 immittitur
458 435 526 479 altera
533 436 612 478 Thebis

134 507 210 557 Pestis;
220 517 242 552 et
250 509 314 552 exitio
324 494 388 551 multi
398 522 545 565 pecorumque
554 523 638 566 suoque

134 582 246 639 hurigenae
255 597 331 645 pavepe
340 583 417 626 leram.
428 583 503 625 Vicina
509 582 614 640 juventus

134 655 252 703 Venimus.
262 666 283 698 et
292 655 346 700 latos
356 655 457 712 indagine
466 656 572 698 cinximus
581 669 652 713 agros.

135 728 175 772 llla
183 728 224 772 levi
233 728 294 772 velox
302 731 419 786 superabat
428 730 481 773 retia
489 730 557 781 saltu,
571 743 573 746 ·

138 803 272 857 Summaque
282 801 387 845 transibat
394 803 515 858 positarum
525 802 569 845 lina
578 802 703 860 plagarum.

138 873 221 930 Copula
231 874 352 917 detrahitur
360 874 461 928 canibus,
471 888 525 930 quas
533 874 571 917 illa
579 885 695 930 sequentes

139 945 233 1002 Effugit,
243 957 265 991 et
273 947 355 990 volucri
364 961 409 990 non
418 948 504 1002 segnius
513 945 563 990 alite
572 947 635 991 ludit.

141 1022 218 1063 Poscor
227 1030 249 1064 et
258 1020 302 1076 ipse
311 1035 387 1063 meum
396 1034 502 1064 consensu
511 1021 592 1077 Laelapa
602 1036 692 1078 magno.

142 1095 237 1153 Muneris
246 1095 287 1137 hoc
296 1108 383 1138 nomen.
392 1096 527 1138 Iamdudum
537 1096 622 1138 vincula
631 1106 720 1153 pugnat

141 1170 223 1213 Exuere
233 1169 277 1225 ipse
285 1168 338 1220 sibi,
347 1168 446 1225 colloque
457 1170 563 1213 morantia
573 1169 648 1212 tendit.

143 1242 183 1286 Vix
194 1243 248 1285 bene
258 1242 336 1285 missus
345 1252 401 1294 erat;
411 1257 451 1285 nec
456 1243 505 1299 jam
516 1253 651 1300 poteramus,
662 1244 703 1287 uhi
713 1254 778 1297 esset,

143 1316 213 1360 Scire:
224 1318 304 1373 pedum
314 1316 396 1359 calidus
406 1317 493 1373 vestigia
503 1317 572 1373 pulvis
581 1317 688 1369 habehat;

143 1393 191 1447 lpse
202 1390 270 1433 oculis
279 1399 365 1446 ereptus
374 1399 426 1433 erat
438 1392 486 1431 Non
496 1390 555 1432 ocior
563 1389 600 1432 illo

145 1467 220 1516 Hasta,
231 1478 269 1507 nec
279 1478 370 1507 excussae
380 1473 480 1507 contorto
490 1465 576 1506 verbere
585 1463 685 1521 glandes,

145 1540 191 1580 Nec
200 1539 328 1595 Gortyniaco
338 1538 435 1580 calamus
445 1537 495 1579 levis
504 1537 547 1579 exit
556 1537 583 1579 ab
593 1551 653 1579 arcu.

145 1610 210 1654 Collis
220 1624 273 1667 apex
283 1611 346 1653 medii
356 1610 459 1667 subjectis
468 1611 568 1653 imminet
577 1611 645 1652 arvis:

141 1685 221 1728 ·Tollor
230 1698 267 1734 eo,
277 1685 381 1741 capioque
391 1685 441 1727 nori
450 1685 572 1741 spectacula
580 1698 667 1736 cursus,

150 1762 198 1819 Quo
207 1759 274 1801 modo
283 1758 397 1815 deprendi,
407 1761 474 1801 modo
483 1773 505 1801 se
514 1760 634 1801 subducere
643 1760 672 1802 ab
681 1758 733 1815 ipso

149 1832 245 1877 Vulnere
255 1831 298 1874 visa
307 1830 353 1873 fera
362 1841 400 1874 est.
411 1834 455 1874 Nee
465 1832 533 1875 limite
542 1831 618 1874 callida
628 1842 699 1883 recto,

150 1909 176 1951 ln
185 1907 323 1963 spatiumque
332 1904 398 1961 fugin
409 1906 446 1948 sed
455 1905 534 1961 decipit
543 1919 580 1947 om
590 1907 712 1961 sequentis,

150 1983 177 2026 Et
186 1979 241 2023 redit
249 1980 272 2021 in
282 1992 371 2037 gyrum.
381 1991 408 2020 ne
417 1978 446 2021 sit
453 1992 506 2021 suus
515 1978 609 2035 impetus
619 1978 684 2021 hosti.

152 2056 256 2099 Imminet
264 2052 310 2100 hie,
319 2051 459 2108 sequiturque
468 2066 542 2108 parem
551 2067 555 2091 :
564 2051 685 2107 similique
694 2055 781 2098 tenenti

153 2130 203 2172 Non
214 2136 282 2175 tenet,
291 2135 313 2169 et
322 2139 400 2169 vacuos
408 2134 492 2167 exercet
500 2125 522 2167 in
533 2139 583 2167 aera
592 2138 684 2167 morsus.

154 2202 186 2246 td
191 2200 260 2258 jaculi
270 2199 367 2244 vertebar
375 2212 440 2257 opem
448 2215 454 2241 :
463 2200 522 2255 quod
531 2200 617 2243 dextera
625 2199 694 2242 librat
