1667 2592
68 196 88 234 θ.
102 193 152 245 576.
303 197 404 242 LIBER
422 201 481 244 vu.
667 222 709 266 ²¹9

68 266 95 307 Et
104 265 157 322 quia
165 279 231 309 eausa
239 266 302 320 latet,
312 269 372 314 locus
381 282 413 317 est
422 274 446 316 in
455 275 553 320 crimine.
562 279 625 323 Notis

69 338 204 382 Semauimes
213 354 284 384 errare
295 342 344 395 viis,
354 346 408 389 dum
417 356 475 390 stare
484 350 596 404 valebant,

69 410 205 467 Adspiceres3
215 414 291 458 flentes
300 416 364 470 aiios,
376 428 479 477 terraeque
485 423 593 479 jacentes3

67 485 293 542 Lassaqueversanres
302 505 405 549 supremo
414 494 499 539 lumina
508 509 578 542 motu.

67 560 211 616 Membraque
220 565 332 619 pendentis
342 560 435 612 tendunt
444 570 472 612 ad
482 571 551 615 sidera
561 574 619 628 coeli,

69 635 119 684 liic,
130 633 173 677 iilic
184 636 222 678 ubi
232 651 291 681 mors
300 640 452 697 deprenderat,
462 645 591 690 exhalantes.

70 708 129 767 Quid
139 710 194 752 mihi
204 720 256 755 tunc
266 713 334 756 animi
344 715 398 758 fuiti
407 731 447 767 an,
455 720 515 774 quod
524 720 600 765 debuit
607 735 663 775 esse,

70 783 100 825 Ut
110 782 177 825 vitam
187 785 292 836 odissem,
301 798 323 830 et
332 802 435 844 cuperem
444 805 494 847 pars
503 806 548 834 esse
557 801 670 838 meorum!

70 856 121 912 Quo
129 869 152 898 se
161 870 247 914 cunque
257 859 312 902 acies
321 861 436 905 oculorum
448 864 548 916 flexerat,
557 865 601 909 illic

71 928 156 986 Vulgus
165 941 211 974 erat
220 942 326 976 stratum:
337 935 403 980 veluti
412 951 482 993 quum
492 940 564 995 putria
573 941 639 984 motis

70 1007 139 1048 Poma
148 1006 230 1048 cadunt
239 1009 316 1060 ramis,
325 1009 448 1068 agitataque
459 1011 506 1056 ilice
515 1013 609 1069 glandes.

102 1078 211 1135 «Templa
222 1081 278 1124 videa
288 1092 373 1135 eontra,
383 1086 485 1141 gradibus
494 1087 598 1131 sublimia
605 1087 688 1146 longis:

70 1153 156 1210 Jupiter
164 1153 201 1196 ida
211 1165 275 1200 tenet.
285 1158 337 1213 Quis
347 1172 391 1202 non
399 1160 504 1204 altaribus
513 1161 555 1205 iilis

71 1229 136 1272 Irrita
146 1239 195 1271 tura
205 1230 266 1274 tulin
274 1233 359 1287 quoties
368 1247 408 1290 pro
417 1235 509 1292 conjuge
518 1237 610 1293 conjux,

72 1305 114 1345 Pro
123 1312 190 1359 gnato
199 1305 289 1361 genitor.
299 1307 353 1348 dum
363 1309 428 1350 verba
436 1309 547 1364 precantia
555 1310 619 1365 dicit,

73 1378 125 1420 Non
134 1380 226 1422 exoratis
236 1380 334 1422 animam
343 1380 414 1425 finivit
423 1382 445 1424 iu
455 1383 508 1434 arie

72 1452 142 1508 Inque
152 1465 220 1496 manu
232 1455 286 1497 turis
295 1468 344 1510 para
353 1455 493 1500 inconsumta
502 1467 585 1514 reperta
594 1462 636 1504 est!

72 1526 162 1570 Admoti
171 1528 255 1583 quoties
265 1529 361 1586 templis,
371 1531 425 1573 dum
435 1541 484 1574 rota
493 1534 591 1576 sacerdos

72 1600 185 1656 Concipit,
192 1611 214 1645 et
223 1601 295 1645 fundit
304 1617 385 1659 purum
395 1604 452 1648 inter
460 1618 543 1648 cornua
552 1606 637 1660 vinum,

73 1675 138 1717 Haud
147 1685 268 1731 exspectato
276 1676 400 1720 cecideruut
409 1678 496 1721 vulnere
506 1681 573 1723 tauri!

73 1749 122 1805 ipae
131 1761 171 1804 ego
181 1762 241 1792 sacra
249 1750 296 1794 Jovi
305 1764 345 1806 pro
353 1764 400 1802 me,
411 1752 534 1810 patriaque,
545 1755 656 1813 tribusque

73 1822 150 1878 Quum
160 1820 254 1864 facerem
263 1823 331 1874 natis,
340 1825 438 1882 mugitus
446 1827 534 1870 victima
543 1828 601 1872 diros
647 1848 649 1851 ·

73 1894 158 1937 Edidit:
169 1905 191 1938 et
199 1895 272 1938 subito
280 1896 375 1953 collapsa
382 1897 428 1941 aine
436 1900 515 1943 ictibus
524 1900 574 1942 ullis

73 1969 157 2024 Exiguo
168 1968 348 2025 tinxitaubjectoa
357 1971 463 2028 sanguine
471 1972 559 2014 culros.

71 2042 139 2084 Fibra
147 2056 234 2099 quoque
243 2056 300 2098 agra
308 2054 370 2087 notas
381 2045 438 2095 veri,
446 2045 586 2100 monitusque
595 2049 689 2093 Deorum

75 2115 211 2159 Perdiderat:
223 2115 293 2159 tristes
302 2127 416 2173 penetrant
424 2119 452 2160 ad
462 2118 542 2160 viscera
551 2122 631 2165 morbi.

73 2190 129 2234 Ante
138 2203 211 2235 saeros
219 2191 263 2234 ridi
271 2191 368 2249 proiecta
376 2192 480 2235 eaderera
489 2201 573 2248 postes:

609 2271 642 2311 1⁵.
