1667 2592
138 178 167 232 εὶ»
289 186 619 230 uariuournosnou
695 190 794 234 esso.

107 330 110 335 ⁴
137 277 220 333 lnquit,
230 277 282 319 iter:
293 290 319 318 ne
328 290 403 332 sperne
413 290 466 318 merc
476 275 577 332 presagia
587 275 672 332 linguae.

138 351 195 410 Quid
204 349 294 399 luerim,
304 350 357 405 quid
366 349 461 405 simque,
471 349 528 399 vidc;
539 349 688 404 meritumque
698 354 817 408 require:

138 422 234 467 Invenies
244 421 341 464 nocuisse
351 421 430 463 fidem:
441 435 493 463 nam
503 430 599 477 tempore
607 422 709 476 quodam

137 496 204 539 Pallas
213 495 388 544 Erichthonium,
398 494 482 551 prolem
492 494 537 536 sinc
548 504 616 537 matre
626 506 744 548 creatam,

137 568 246 612 Clauserat
255 570 323 610 Actoeo
334 576 390 609 texta
399 568 425 609 de
435 567 516 609 vimine
525 567 590 610 cista:

137 641 303 697 Virginibusque
313 641 392 684 tribus⁴
402 640 489 696 gemino
498 641 524 682 de
533 642 625 696 Cecrope
635 641 708 694 natis,

139 715 197 757 lianc
207 713 275 770 legem
285 715 383 763 dederat,
394 727 433 756 sua
443 727 470 756 nc
479 724 559 756 secreta
568 714 671 756 viderent.

137 788 214 830 Abdita
223 786 300 830 froude
309 787 349 829 levi
359 788 425 829 densa
435 787 561 842 speculabar
569 788 597 829 ab
607 786 682 839 ulmo,

135 862 192 918 Quid
200 860 307 903 facerent:
317 861 433 903 commissa
443 862 491 903 duae
500 860 545 902 sine
555 860 631 903 fraude
641 871 747 914 tuentur,

135 935 253 977 Pandrosos
262 944 326 989 atque
336 936 404 976 llerse.
414 933 510 976 Timidas
520 943 581 976 voest
590 948 635 975 una
643 947 735 979 sorores

136 1005 248 1061 Aglauros
258 1006 368 1061 nodosque
378 1019 446 1048 manu
455 1006 548 1057 diducit,
557 1016 580 1048 at
589 1005 648 1047 intus

63 1118 66 1127 ,
135 1078 285 1134 lufantemque
295 1078 377 1130 vident,
387 1080 582 1135 adporrectumque
592 1079 723 1123 draconem.

134 1153 185 1194 Acta
193 1153 239 1193 Des
250 1151 318 1193 refero
328 1168 333 1192 :
342 1165 435 1207 proquo
445 1152 499 1194 mihi
507 1152 574 1207 gratia
585 1151 633 1194 talis

133 1226 242 1275 Redditur,
253 1234 277 1268 ut
286 1224 344 1267 dicar
353 1224 421 1268 tutela
431 1225 493 1281 pulsa
503 1225 614 1275 Minervae,

133 1302 159 1344 Et
168 1314 236 1357 ponar
244 1309 293 1357 post
302 1300 371 1342 noctis
379 1313 448 1342 arem.
459 1301 505 1341 Mea
513 1313 576 1355 poena
584 1298 683 1342 volueres

132 1376 274 1420 Admonuisse
283 1385 363 1432 potest.
372 1388 399 1417 ne
408 1388 460 1416 voce
469 1373 564 1430 pericula
572 1384 678 1429 querant

132 1452 159 1495 dt
167 1461 232 1506 puto,
241 1464 286 1493 non
297 1450 364 1500 ultro,
374 1463 413 1492 nec
423 1449 542 1505 quidquam
552 1449 594 1492 tale
604 1458 721 1506 rogantem

132 1526 166 1567 llle
176 1525 242 1580 petiit.
251 1527 299 1580 lpsa
309 1524 357 1567 licet
366 1524 428 1567 hoca
439 1523 521 1566 Pallade
529 1536 624 1578 quaeras:

132 1597 234 1654 Quamvis
244 1597 297 1639 irata
307 1607 349 1647 est,
357 1611 402 1639 non
411 1597 453 1638 hoc
462 1596 515 1638 irata
525 1596 623 1652 negabit.r

131 1669 189 1712 llam
198 1682 234 1710 me
243 1668 344 1711 Phocaica
353 1668 424 1711 clarus
434 1667 509 1710 tellure
517 1669 626 1710 Coroneus

132 1741 203 1799 (Nota
211 1741 301 1798 loquor)
311 1742 397 1799 genuit:
407 1742 536 1798 fueramque
545 1757 584 1798 ego
594 1741 652 1799 regia
661 1742 737 1801 virg03

130 1816 277 1871 Divitibusque
286 1817 356 1872 procis
365 1816 405 1874 (ns
413 1831 450 1859 me
459 1816 586 1872 contemne)
596 1818 692 1873 petebat.

132 1894 210 1935 Forma
220 1890 273 1932 mihi
282 1891 362 1934 nocuit.
373 1894 429 1934 Nam
439 1905 507 1946 quum
517 1905 555 1947 per
564 1891 628 1933 litora
637 1891 702 1935 lentis

131 1967 240 2015 Passim«,
250 1975 275 2008 ut
283 1965 352 2016 soleo,
361 1980 449 2009 summa
458 1960 645 2023 spatiarer'arena,

132 2040 202 2089 vidit.
211 2050 233 2082 et
242 2038 331 2081 incaluit
340 2039 408 2095 pelopi
417 2041 485 2083 Dent:
495 2050 562 2095 utque
570 2042 680 2096 precando

131 2114 237 2167 Tempora
246 2125 298 2154 cum
307 2111 391 2154 blandis
400 2114 519 2155 consumsit
529 2114 602 2156 inania
611 2115 693 2166 verbis3

132 2184 183 2227 Vim
192 2194 264 2240 parat,
273 2193 295 2227 et
304 2184 407 2240 sequitur.
416 2187 493 2244 Fugio,
503 2188 638 2243 densumque
648 2188 754 2245 relinquo
