1667 2592
127 221 154 262 to
280 220 612 262 Muttuoaaaostort
685 224 785 266 visua.

128 311 154 351 Et
164 308 233 351 noctis
243 307 322 351 faciem
332 296 423 351 nebulas
432 309 506 352 fecisse
516 309 613 351 volucres

128 381 172 423 Sub
182 381 251 423 nitido
262 382 341 423 mirata
351 382 397 432 die;
407 396 452 424 non
462 381 560 423 [luminis
569 381 616 423 ilias

127 456 189 505 Esse,
198 468 237 496 nec
247 454 348 497 humenti
357 455 423 497 sentit
433 454 509 497 teiiure
519 453 598 496 remitti
608 469 613 494 :

127 528 198 581 Atque
207 540 260 568 suus
269 526 361 581 conjux.
371 527 410 569 ubi
420 528 458 571 sit.
469 526 626 581 circumspicis
637 536 662 569 ut
671 541 723 582 quae

128 598 230 654 Dcpreusi
241 598 303 641 toties
309 598 358 654 jam
369 609 442 641 nosset
451 599 510 642 furta
520 599 600 641 mariti.

129 672 199 729 Quem
209 680 326 727 postquam
336 672 389 714 coeio
399 685 444 714 non
454 672 561 728 repperit:
571 689 583 709 a
591 675 633 714 but
642 685 682 727 ego
691 670 779 727 fauor,

129 746 172 787 but
181 758 221 799 ego
230 744 302 794 iader,
309 762 321 783 s
331 745 372 793 ait;
382 745 513 801 delapsaque
522 747 550 787 ab
559 745 638 787 ethere
647 758 755 798 summo,

129 819 230 862 Constitit
240 819 261 861 iu
273 820 346 868 terris.
356 820 490 875 nebuiasque
499 821 597 862 recedere
602 819 676 875 jussit.

130 891 233 947 Conjugis
242 893 360 935 adventurn
371 902 522 947 presenserat,
532 892 598 948 inque
608 891 716 935 nitentem

130 965 245 1007 Inachidos
254 966 327 1007 vuitus
337 976 460 1008 mutaverat
468 965 504 1007 ilic
510 965 637 1022 juvencam.

132 1040 171 1081 bos
181 1052 268 1093 quoque
278 1037 373 1080 formosa
384 1049 423 1082 est.
431 1040 527 1096 Speciem
537 1039 638 1082 Saturnia
647 1053 730 1092 vacce,

133 1113 273 1168 Quamquam
284 1113 362 1164 invita,
372 1115 463 1169 proban
474 1128 514 1156 nec
523 1128 568 1156 non
577 1126 599 1156 et
608 1114 684 1171 cujus,
693 1126 717 1158 ct
727 1119 804 1171 unde.

133 1187 208 1241 Quove
217 1187 245 1230 sit
254 1199 366 1238 armento,
376 1189 421 1231 veri
430 1189 492 1245 quasi
502 1189 584 1239 nescia,
594 1189 679 1245 quaerit.

134 1263 219 1317 Jupiter
228 1278 240 1305 e
250 1273 307 1306 terra
316 1264 410 1319 genitam
422 1265 534 1311 mentitur.
545 1274 570 1307 ut
578 1275 655 1307 auctor

134 1337 220 1380 Desinat
229 1337 321 1394 inquiri:
331 1339 384 1394 petit
393 1339 450 1380 banc
460 1337 560 1380 Saturnia
570 1351 659 1380 munus.

135 1411 192 1469 Quid
203 1412 279 1455 iaciat?
288 1412 386 1463 crudele,
395 1427 446 1455 suos
455 1412 553 1454 addicere
562 1425 660 1456 amores:

136 1485 186 1527 Non
197 1486 259 1535 dare,
269 1496 401 1542 suspectum.
412 1486 483 1528 Pudor
492 1495 534 1533 est,
545 1484 582 1540 qui
592 1486 683 1528 suadeat
691 1484 766 1541 ittin03

137 1558 191 1600 Hinc
201 1559 310 1601 dissuadet
319 1573 387 1602 amor.
399 1560 474 1602 Victus
483 1560 554 1614 pudor
563 1569 618 1601 esset
626 1573 716 1603 amore:

137 1631 190 1681 Sed,
200 1630 244 1673 leve
254 1632 271 1674 si
282 1646 363 1674 munus
372 1632 434 1674 sociae
443 1633 568 1689 generisque
578 1632 663 1689 torique

138 1705 209 1747 Vacca
219 1714 338 1761 negaretur.
348 1715 433 1761 poterat
442 1719 486 1747 non
497 1719 559 1747 vacca
569 1705 643 1747 videri.

139 1779 215 1823 Peliice
224 1781 314 1829 donata,
325 1795 368 1823 non
379 1781 478 1837 protinus
487 1781 546 1823 exuit
556 1794 646 1822 omnem

141 1853 192 1896 Dira
202 1864 297 1896 metum
310 1854 427 1909 timuitque
435 1857 522 1903 iovem.
532 1865 554 1897 et
563 1854 606 1896 tuit
615 1854 680 1897 anxia
691 1855 758 1910 furti3

141 1930 213 1972 Donec
223 1929 347 1971 Arestoridae
356 1931 483 1972 servandam
495 1929 583 1972 tradidit
592 1932 654 1985 Argo.

172 2004 265 2044 Centum
275 2001 395 2043 inminibus
405 2002 503 2043 cinctum
513 2011 579 2057 caput
588 2004 656 2057 tagus
665 2001 778 2049 babebat:

142 2075 196 2118 Inde
205 2074 250 2116 suis
259 2074 341 2116 vicibus
350 2074 465 2129 capiebant
474 2074 525 2116 bina
533 2074 628 2130 quietern
638 2091 643 2116 :

144 2151 216 2191 Cetera
228 2149 352 2193 servabant.
362 2156 427 2201 atque
438 2147 460 2188 in
470 2148 562 2190 statione
571 2147 699 2191 manebant.

145 2220 275 2264 Constiterat
282 2232 413 2276 quocunque
423 2220 502 2272 modo,
512 2220 623 2275 spectabat
631 2220 660 2262 ad
669 2221 694 2263 lc
701 2235 721 2263 :-
