1667 2592
117 176 158 218 258
270 173 600 219 Marauoneaostou
673 189 694 218 v.
705 176 755 231 659.

114 264 184 307 Vestis
194 274 250 315 crat,
259 265 315 308 lecto
324 279 368 308 non
378 264 511 321 indignanda
521 263 610 320 saligno.

113 339 238 382 Accubuere
248 339 290 381 uei.
300 342 396 382 Mensam
407 337 516 380 succincta
526 347 666 393 tremensque

113 411 177 454 Ponit
185 425 247 453 anus.
257 413 334 453 Mense
343 412 380 454 sed
389 419 435 452 erat
445 424 482 465 pes
491 410 567 452 tertius
576 409 663 464 impar:

114 485 177 528 'l'estu
187 498 261 540 parem
272 485 330 528 fecit.
339 487 391 543 Quae
400 495 517 540 postquam
526 484 615 526 subdita
624 484 709 527 clivum

115 557 217 611 Sustulit,
226 570 333 615 aquatam
345 568 422 601 mente
432 570 510 601 tersere
519 558 619 599 virentes.

115 629 205 672 Ponitur
214 630 249 672 hic
257 631 339 672 bicolor
348 631 435 673 sincere
445 630 510 671 bacca
520 629 631 681 Minervae,

115 702 249 759 Conditaque
258 704 281 745 in
290 703 372 760 liquida
381 716 448 745 corna
457 702 595 745 autumnalia
604 702 669 756 fiere,

115 777 248 832 intubaque,
258 787 279 820 et
289 778 360 828 radix,
369 787 390 818 et
400 774 461 818 lactis
471 790 542 818 mussa
550 777 631 828 coacti;

116 850 214 904 Ovaque,
224 863 267 891 non
278 850 322 892 acri
331 849 405 891 leviter
416 858 497 891 versata
508 847 591 900 favilla;

116 924 194 965 Omnia
205 924 314 967 fictilibus.
324 926 374 967 Post
383 924 429 966 baec
439 923 525 966 celatus
534 923 611 966 eadem

114 996 201 1040 Sistitur
210 997 284 1053 argilla
293 1007 373 1048 crater;
383 996 531 1052 fabricataque
541 996 591 1052 fago

115 1069 206 1121 Pocula,
215 1084 259 1125 qua
268 1083 319 1112 cava
328 1079 391 1119 sunt,
401 1070 531 1113 flaventibus
540 1070 594 1112 illitu
603 1071 666 1113 ceris.

115 1147 181 1188 Parva
191 1159 253 1188 mora
262 1154 305 1197 θείς
314 1145 431 1201 epulasque
441 1145 484 1188 foci
494 1146 571 1189 misere
580 1146 691 1190 calentes:

115 1219 160 1261 Nee
170 1217 238 1274 longe
248 1231 321 1261 rursus
331 1217 458 1261 referuntur
468 1218 517 1260 vina
526 1229 628 1270 senectae3

116 1294 215 1349 llantque
224 1293 297 1336 locum
308 1293 387 1336 mensis
396 1292 488 1348 paulum
498 1294 586 1336 seducta
595 1294 706 1338 secundis.

117 1368 156 1410 llic
165 1381 221 1419 nux,
230 1367 265 1410 luc
275 1367 343 1410 mixta
352 1377 384 1410 est
393 1367 477 1423 rugosis
486 1369 556 1410 carica
565 1367 656 1423 palmis,

115 1442 241 1496 Prunaqne.
251 1450 273 1485 ct
282 1441 305 1483 in
315 1441 393 1497 patulis
403 1441 521 1485 redolentia
530 1441 589 1484 mala
598 1442 712 1495 canistris,

116 1515 143 1557 Et
152 1515 178 1556 de
187 1514 302 1570 purpureis
311 1514 404 1557 collectae
414 1514 494 1557 vitibus
503 1528 556 1557 uve.

117 1585 227 1629 Candidus
235 1586 258 1627 in
269 1585 341 1628 medio
350 1585 413 1628 favus
422 1595 461 1629 est.
470 1588 539 1642 Super
548 1585 623 1628 omnia
632 1586 709 1630 vultus

80 1668 84 1674 '
117 1660 228 1703 Accessere
237 1658 300 1706 boui.
311 1672 350 1700 nec
359 1658 416 1701 iners
425 1672 550 1714 pauperque
561 1659 667 1702 voluntas.

120 1735 214 1783 Interea,
224 1731 308 1787 quoties
317 1731 421 1774 baustum
432 1745 514 1774 cratera
524 1732 600 1787 repleri

119 1806 200 1862 Sponte
209 1817 258 1853 sua,
268 1817 306 1858 per
314 1817 379 1858 seque
390 1803 463 1847 vident
472 1817 604 1847 succrescere
613 1804 676 1857 vina,

54 1873 56 1877 ¹
119 1879 210 1924 Attoniti
220 1877 314 1921 novitate
323 1886 412 1932 pavent,
423 1878 567 1933 manibusque
576 1879 659 1934 supinis

119 1953 250 2009 Concipiunt
259 1951 376 2008 Baucisque
386 1966 469 2008 preces.
480 1952 613 2009 timidusque
622 1953 751 2006 Philemon,

120 2031 147 2072 Et
156 2029 241 2070 venium
251 2027 353 2082 dapibus,
363 2026 472 2082 nullisque
481 2028 593 2082 paratibus
601 2038 673 2072 orant.

121 2101 201 2143 Unicus
210 2115 272 2143 anser
281 2110 338 2151 erat,
347 2101 444 2143 minimae
453 2101 550 2144 custodia
560 2100 624 2152 villae3

121 2173 192 2230 Quem
200 2174 236 2215 Dls
244 2172 367 2229 hospitibus
377 2173 462 2217 domini
470 2182 566 2217 mactare
574 2174 697 2230 parabunt:
