1667 2592
15 187 27 235 l
109 188 152 231 256
261 188 594 231 METAMORPHOSEON
666 189 757 230 utet.

108 279 197 320 Pectora
206 276 321 332 tangebam
332 276 416 332 trepido
425 275 523 318 salientia
533 285 610 327 motu:

108 352 208 405 Dumque
217 363 242 391 eu
252 359 373 398 contrecto,
383 359 455 392 totum
465 349 578 391 durescere
587 348 644 391 sensi

107 425 202 479 Corpus,
212 433 233 466 et
242 424 331 466 inducta
339 422 403 464 condi
412 421 530 478 praecordia
539 432 603 464 terra.

108 500 166 540 llum
176 497 259 553 loquor,
269 496 367 553 amplexa
377 506 409 539 est
418 506 479 538 artus
487 510 544 537 nova
553 506 610 538 terra
620 504 737 548 natantes,

109 574 135 614 Et
144 571 213 628 gravis
222 571 312 614 increvit
321 570 411 613 mutatis
420 569 492 612 insula
501 569 613 611 membris.
621 585 633 607 u

137 720 174 760 xl.
186 719 256 760 tuuis
266 719 293 760 ab
303 718 336 760 bis
346 717 421 760 tacuit.
430 718 520 760 Factum
531 715 631 758 mirabile
641 726 738 760 cunctos

109 795 211 836 Moverat.
221 793 298 835 lrridet
306 794 426 842 credentes;
438 801 506 847 utque
514 793 610 833 Deorum

108 867 196 921 Spretor
204 875 261 915 erat,
271 865 391 920 mentisque
401 863 462 906 ferox
471 863 544 905 Ixione
554 873 632 905 natus:

109 955 121 977 e
128 937 186 981 Ficta
196 937 273 988 refers,
283 937 421 993 nimiumque
430 950 504 993 puras,
514 936 616 987 Acheloe,
626 946 731 992 potentes

108 1013 158 1054 Esse
167 1014 231 1061 Deos,
241 1011 305 1060 dixit;
314 1010 331 1052 si
341 1012 394 1054 dant
404 1012 548 1066 adimuntque
558 1010 645 1066 figuras.
652 1028 665 1049 u

108 1085 243 1138 Obstupuere
253 1097 339 1133 omnes;
349 1097 389 1125 uec
399 1083 451 1126 talia
460 1084 517 1126 dicta
526 1084 663 1138 probarunt:

106 1160 162 1200 ame
170 1170 289 1212 omnesque
298 1156 369 1207 Lelex,
379 1157 455 1199 animo
465 1167 564 1200 maturus
574 1166 595 1200 et
605 1171 663 1208 aevo,

107 1232 141 1275 Sic
151 1231 193 1274 ait:
205 1249 216 1270 «
223 1233 332 1274 Immensa
341 1243 383 1282 est,
394 1232 505 1288 finemque
514 1231 611 1288 potentia
621 1232 669 1274 coeli

107 1308 157 1360 Non
167 1305 243 1355 hahet,
253 1316 274 1348 et
283 1305 388 1361 quidquid
397 1305 473 1360 Superi
483 1304 579 1354 voluere,
589 1313 706 1360 peractum
716 1316 757 1349 est.

107 1381 198 1437 Quoque
209 1379 282 1421 minus
292 1379 388 1428 dubites,
399 1377 449 1420 tiliae
458 1378 594 1420 contermina
603 1391 700 1433 quereus

106 1451 203 1495 Collibus
212 1462 244 1494 est
253 1452 358 1509 Phrygiis,
369 1451 456 1493 modico
466 1451 600 1494 circumdata
610 1465 684 1493 muro.
753 1465 771 1507 ι)

107 1527 155 1580 Ipse
163 1525 236 1566 locum
247 1524 302 1567 vidi:
313 1538 365 1567 uam
375 1539 410 1566 me
420 1523 516 1580 Pelopeia
526 1525 621 1568 Pittheus
741 1509 766 1565 ⁶7

108 1598 166 1642 Misit
175 1598 198 1638 in
207 1611 269 1648 arva,
279 1611 319 1640 suo
329 1599 441 1653 quondam
451 1608 538 1653 regnata
548 1598 639 1654 parenti.

69 1718 71 1725 Α
108 1673 170 1715 llaud
179 1672 254 1726 procul
264 1672 315 1714 binc
324 1683 437 1727 stagnum3
448 1672 510 1714 tellus
520 1671 644 1715 habitabilis
654 1671 721 1723 olim;

108 1748 173 1788 Nunc
183 1744 276 1786 celebres
285 1745 373 1801 mergis,
383 1745 498 1801 fulicisque
508 1745 640 1800 palustribus
650 1748 725 1789 undae.

109 1820 193 1876 Jupiter
202 1819 257 1868 huc,
266 1818 335 1874 specie
345 1818 443 1869 mortali,
453 1833 548 1873 cumque
557 1830 647 1874 parente

109 1892 175 1934 Venit
184 1891 312 1933 Atlantiades
321 1890 396 1947 positis
405 1891 515 1933 caducifer
523 1891 569 1933 alis.

109 1965 167 2008 Mille
176 1966 253 2007 domos
262 1965 343 2013 adiere,
353 1963 427 2006 locum
437 1964 578 2019 requiemque
586 1974 685 2020 petentes
694 1983 699 2006 :

109 2036 168 2078 Mille
177 2037 254 2078 domos
263 2036 357 2078 clausere
366 2051 423 2079 serat.
433 2038 515 2078 Tamen
525 2051 568 2079 una
579 2038 671 2094 recepit,

110 2111 176 2151 Parva
185 2109 284 2163 quidem,
294 2110 378 2165 stipulis
387 2120 409 2152 et
417 2123 487 2151 canna
497 2120 552 2152 tecta
561 2109 653 2165 palustri
662 2126 668 2151 :

110 2181 151 2225 Sed
160 2179 195 2235 pia
204 2183 278 2224 Baucis
287 2195 353 2234 anus,
363 2181 468 2239 parilique
478 2192 540 2226 aetate
549 2182 662 2225 Philemon
