1667 2592
73 162 115 216 176
227 162 554 205 unttuoaenosnoa
628 177 647 205 v.
661 165 712 206 231.

73 256 142 296 Frena
150 253 216 294 dabat
225 252 320 309 Sipylus:
331 251 395 295 veluti
405 267 475 308 quum
484 253 584 309 praescius
592 252 673 296 imbris

75 328 138 369 Nube
148 326 204 380 fugit
213 328 267 376 visa,
277 327 433 381 pendentiaque
443 328 538 383 undique
548 338 619 370 rector

74 402 166 442 Carbasa
176 401 272 448 deducit,
283 414 310 442 ne
319 400 422 454 qualevis
431 400 507 442 effluat
516 414 576 443 aura.

75 476 142 515 Frena
153 474 224 515 dabat.
234 475 323 514 Dantem
334 487 377 514 non
388 472 487 514 evitabile
497 456 565 515 telum

75 546 230 601 Consequitur:
240 560 370 601 summaque
380 555 473 587 tremens
483 546 562 588 cervice
571 547 649 602 sagitta

77 618 150 667 llresit,
160 628 181 659 et
190 619 286 660 exstabat
295 619 379 660 andum
390 618 416 658 de
427 627 513 672 gutture
523 617 613 661 ferrum.
643 648 647 655 «

76 692 124 740 tlte,
135 700 160 733 nt
169 701 214 733 erat
224 705 316 746 pronus,
326 704 363 745 pet
372 690 427 732 colla
437 691 646 748 admissajubasque

76 765 186 814 Volvitut·;
197 775 218 807 et
226 764 295 826 calido
306 763 404 807 tellurem
414 764 517 819 sanguine
527 763 599 807 loedat.

76 840 198 881 Phaedimus
207 838 291 886 infelix.
302 848 323 880 et
332 838 383 880 aviti
392 838 488 880 nominis
497 838 558 881 heres

76 912 189 961 Tantalus,
201 923 224 954 ut
233 911 296 953 solito
305 911 370 952 finem
382 911 503 966 imposuere
511 911 592 963 labori,

68 985 212 1053 *Transierant
221 985 248 1025 ad
258 998 311 1039 opus
321 983 495 1039 nitidaejnvenile
505 984 621 1038 palaestrae:

76 1062 102 1101 Et
108 1059 157 1113 jam
166 1055 302 1099 contulerant
312 1067 371 1099 arcto
380 1056 484 1099 luctantia
494 1070 550 1099 nexu

76 1134 163 1172 Pectora
173 1129 306 1184 pectoribus,
316 1143 385 1183 quum
396 1138 456 1171 teuto
465 1129 550 1171 concita
559 1143 641 1181 cornu,

77 1204 136 1245 Sicut
145 1212 206 1243 eraut
212 1200 296 1256 juncti,
308 1200 390 1255 trajecit
400 1211 518 1257 utrumque
527 1203 612 1257 sagitta.

77 1279 203 1331 Ingemuere
213 1273 288 1324 simul.·
299 1273 364 1316 simul
374 1275 486 1316 incurvata
494 1274 568 1317 dolore
620 1320 627 1327 ,

78 1351 176 1392 hlcmhra
185 1348 230 1389 solo
240 1362 339 1404 posuere;
350 1349 415 1390 simul
426 1362 526 1403 suprema
532 1349 631 1403 jacentes

78 1424 170 1464 Lumina
180 1432 302 1471 versarunt;
311 1422 407 1463 animam
418 1421 483 1464 simul
493 1420 627 1464 exhalarunt.

77 1496 172 1552 Adspicit
180 1495 295 1550 Alphenor,
304 1494 426 1549 laniataque
436 1505 522 1549 pectora
531 1494 634 1563 plangens

77 1568 179 1615 Advolat,
190 1577 214 1608 ut
223 1566 302 1621 gelidos
312 1566 459 1622 complexibus
468 1566 550 1609 adlevet
559 1577 631 1609 artus:

80 1643 147 1695 luqnc
156 1639 258 1695 pio-cadit
267 1637 351 1693 officio;
362 1652 413 1680 nam
423 1638 493 1680 Delius
502 1637 533 1679 illi

79 1716 159 1757 lntima
170 1712 254 1754 fatifero
265 1713 347 1767 rumpit
356 1713 473 1768 praecordia
482 1713 546 1755 ferro.

80 1788 142 1845 Quod
152 1785 217 1828 simul
227 1786 341 1835 eductum,
351 1800 399 1840 pars
408 1796 440 1828 est
449 1785 559 1842 pulmonis
568 1786 590 1828 in
600 1787 671 1832 hamis

78 1865 156 1912 Eruta,
166 1873 259 1914 cumque
268 1859 340 1900 anima
350 1873 415 1901 cruor
424 1869 455 1901 est
465 1859 548 1902 effusus
557 1861 579 1902 in
588 1875 659 1904 auras.

79 1941 106 1980 Ar
116 1950 160 1978 nou
169 1935 280 1977 intonsum
290 1933 379 1988 simplex
388 1934 568 1976 Damasichthona
577 1935 656 1978 vulnus

80 2010 170 2052 Adficit:
180 2009 234 2050 ictus
243 2017 300 2055 erat.
310 2021 353 2061 qua
361 2020 410 2048 crus
420 2020 464 2049 csse
473 2007 558 2067 incipit,
569 2017 590 2050 et
600 2022 644 2064 qua

83 2083 156 2125 hlollia
165 2096 267 2124 nervosus
278 2081 329 2122 lacit
337 2081 459 2123 internodia
468 2080 553 2136 poples;

83 2157 182 2209 Dumque
192 2168 259 2197 manu
269 2162 337 2196 tentat
346 2153 429 2196 trahere
438 2152 544 2197 exitiabile
554 2153 634 2207 telum,
