1667 2592
74 191 93 219 r.
108 189 154 219 roa.
314 176 413 219 LIBER
432 177 475 218 IX.
670 176 711 229 ²7³

71 265 205 316 Perdiderat,
214 264 297 308 volucri
309 264 426 321 trajectum
435 274 494 321 terga
502 265 587 321 sagitta.

73 340 184 394 Namque,
194 351 251 380 nova
260 347 356 393 repetens
366 338 508 393 patrioscum
518 336 611 392 conjuge
621 348 710 388 muros,

74 412 168 454 Venerat
176 410 240 453 Eveui
251 411 336 467 rapidas
344 412 396 453 Jove
404 419 470 453 natus
480 411 507 452 ad
516 411 592 452 undas.

74 486 164 528 Uberius
173 485 237 528 solito
246 485 326 527 nimbis
336 484 466 527 hiemalibus
475 494 564 537 auctus,

75 560 242 616 Vorticibusque
251 560 353 616 frequens
362 569 420 611 erat,
429 569 494 616 atque
504 559 622 615 impervius
630 558 707 601 amnis.

74 633 210 689 Intrepidum
219 648 259 690 pro
268 648 302 683 se,
312 646 388 676 curam
397 633 425 675 de
433 633 526 689 conjuge
535 642 634 688 agentem

75 710 156 751 Nessus
165 708 222 760 adit,
232 708 380 763 membrisque
389 707 473 761 valens,
483 708 592 764 scitusque
602 708 718 759 vadorum

77 799 89 822 e
96 782 216 838 Officioque
225 795 275 825 meo
284 781 331 838 ripa
339 781 427 824 sistetur
435 782 458 823 in
467 780 504 824 illa

76 859 135 907 liae,
145 859 186 907 ait,
196 856 279 899 Alcide:
291 867 315 900 tu
325 856 405 898 viribus
416 866 476 899 utere
485 856 565 898 nando.
574 872 586 895 a
644 846 646 851 ’

78 929 238 984 Pallentemque
248 939 320 979 metu,
331 928 477 984 fluviumque,
487 929 603 985 ipsumque
613 928 727 971 timentem

6 989 10 998 ¹
77 1003 175 1047 Tradidit
184 1002 264 1046 bonius
273 1002 373 1059 pavidam
382 1000 512 1059 Calydonida
525 1003 597 1044 Nesso.

78 1077 140 1128 uox,
151 1085 241 1126 uteret,
251 1075 394 1131 pharetraque
404 1075 483 1132 gravis,
494 1075 606 1132 spolioque
615 1075 682 1118 leonis

78 1150 151 1208 (Nam
161 1149 255 1199 clavam,
265 1159 287 1193 et
295 1163 373 1192 curvos
383 1159 442 1192 trans
452 1150 521 1205 ripam
531 1150 620 1193 miserat
627 1148 717 1206 arcus),

80 1222 280 1281 eQuandoquidem
290 1221 355 1278 eropi,
365 1232 495 1277 superentur
504 1223 607 1271 llumina,
617 1223 695 1266 dixit.»

79 1297 124 1339 Nec
134 1296 231 1347 dubitat;
241 1309 281 1339 nec
291 1309 334 1350 qua
343 1295 371 1337 sit
380 1294 560 1337 clementissimus
570 1296 640 1338 amnis

80 1370 173 1428 Quaerit,
184 1380 206 1413 et
214 1370 319 1427 obsequio
327 1369 406 1412 deferri
416 1370 498 1426 spernit
507 1383 622 1425 aquarum.

78 1445 172 1503 Jamque
183 1454 256 1487 tenens
267 1444 348 1500 ripam,
359 1444 435 1486 missos
444 1457 513 1499 quum
525 1444 608 1488 tolleret
617 1458 689 1497 arcus,
698 1456 701 1461 ·

80 1518 186 1575 conjugis
195 1518 283 1573 agnovit
292 1530 367 1560 vocem
376 1534 380 1558 :
391 1518 501 1572 Nessoque
510 1527 600 1572 parante

81 1591 164 1635 Fallere
172 1590 308 1645 depositum,
321 1607 333 1629 a
339 1590 388 1646 Quo
397 1599 418 1632 te
428 1588 519 1641 fiducia,
527 1591 619 1640 clamat,

81 1666 145 1708 Vana
154 1664 247 1719 pedum.
257 1662 358 1714 violente,
369 1665 436 1719 rapit?
446 1661 497 1711 tibi,
507 1664 572 1706 Nesse
580 1663 691 1719 biformis,

81 1737 185 1780 Dicimus.
196 1736 289 1779 Exaudi:
299 1750 338 1778 nec
348 1750 381 1778 res
389 1736 493 1791 intercipe
500 1744 593 1780 nostras.

81 1813 103 1855 Si
115 1822 135 1856 te
145 1811 206 1854 nulla
215 1811 258 1853 mei
268 1811 386 1854 reverentie
396 1811 475 1861 movit,
484 1822 507 1855 at
516 1813 578 1854 orbes

82 1884 219 1930 Concubitus
228 1884 305 1927 vetitos
313 1894 414 1941 poterant
426 1884 523 1926 inhibere
532 1885 623 1940 paterni.

82 1959 147 2003 llaud
157 1969 230 2001 tamen
239 1956 341 2025 qifugies,
350 1958 450 2013 quamvis
459 1971 499 2013 ope
509 1957 557 1999 fidis
565 1957 651 2012 equina.

82 2031 192 2083 Vulnere,
201 2042 245 2071 non
254 2029 345 2085 pedibus
355 2039 376 2073 te
385 2042 511 2084 consequar.
521 2045 533 2067 a
543 2029 623 2073 Ultima
631 2032 689 2077 dicta

83 2107 115 2149 lie
123 2105 213 2161 probat,
223 2112 245 2144 et
254 2102 320 2146 missa
329 2102 434 2159 fugientia
445 2111 502 2157 terga
511 2101 590 2157 sagitta

85 2178 183 2236 Trajieit
192 2177 293 2222 Exstabat
302 2175 386 2221 terrum
394 2177 422 2220 de
430 2186 515 2232 pectore
525 2176 644 2221 aduncum
