1667 2592
71 173 90 201 v.
102 160 153 214 ⁶34.
319 162 420 203 tiana
437 162 464 203 v.
670 161 710 203 iot

71 251 162 306 Quaque
171 251 249 307 pedem
260 251 328 301 movi,
339 262 413 294 manat
423 251 493 301 lacus,
502 265 557 306 eque
566 250 648 307 capillis

73 324 114 365 ltos
123 323 191 374 cadit;
201 324 307 373 attilius,
317 338 384 379 quam
394 337 453 366 nunc
463 323 501 366 tibi
512 322 556 365 fatu
565 336 665 373 renarro,

71 401 97 441 lu
107 399 193 442 laticem
203 411 284 443 mutor.
294 401 402 443 Sedenim
412 400 521 457 cognoscit
530 409 612 443 amatas

73 475 149 517 Amnis
157 489 235 531 aquas:
246 476 358 531 positoque
368 475 418 524 riri,
428 476 486 530 quod
496 484 613 524 sumserat,
623 488 671 524 ore.

73 546 173 589 Vertitur
181 548 203 589 in
214 548 321 604 proprias,
332 557 358 589 ut
366 561 388 588 se
398 546 452 588 mihi
463 547 562 595 misceat.
572 547 648 588 undas.

73 620 132 662 Delia
142 622 226 677 rumpit
235 621 335 663 humum.
346 621 410 663 Caecis
418 634 458 676 ego
468 633 538 676 mersa
547 619 643 662 cavernis

74 694 175 737 Advehor
182 695 305 752 Ortygiam:
315 708 363 750 quae
373 708 419 739 me,
430 692 559 749 cognomine
568 693 623 735 Divae

75 768 141 809 Grata
152 780 215 818 men,
224 782 312 824 superas
321 768 396 810 eduxit
404 768 476 823 primu
485 768 525 809 sub
535 781 623 809 auras»

107 915 143 956 Xl
154 915 200 956 linc
209 914 313 957 Arethusa
323 924 391 957 tenus.
401 914 503 957 Geminos
512 916 553 957 Dea
563 912 637 956 fertilis
647 924 728 968 angues

78 986 184 1029 Curribus
193 987 300 1037 admovit,
311 987 418 1042 frenisque
428 987 522 1029 coercuit
531 1000 581 1039 ora,

79 1061 106 1104 Et
116 1060 213 1102 medium
224 1060 270 1103 culi
281 1070 383 1117 terreque
392 1075 431 1117 prr
440 1075 490 1103 aera
499 1072 558 1104 vecta
568 1070 611 1103 est:

79 1135 150 1188 atque
160 1132 228 1175 levem
235 1147 325 1175 currum
334 1134 445 1177 Tritonida
456 1133 514 1176 misit
523 1134 545 1174 in
555 1147 627 1175 arcem

79 1206 224 1262 Triptolem03
234 1207 357 1264 partimque
367 1206 415 1249 rudi
426 1208 476 1249 data
486 1207 568 1248 semina
574 1206 640 1262 jussit

79 1281 184 1336 Spargere
193 1280 273 1328 humo,
283 1280 362 1335 partim
372 1289 421 1334 post
431 1289 529 1333 tempora
539 1277 601 1332 longa
612 1276 705 1320 recultae.

79 1355 130 1395 lam
139 1365 204 1408 super
213 1355 311 1408 Europen
321 1352 433 1401 sublimis,
443 1360 465 1393 et
475 1351 549 1400 Asida,
560 1360 625 1392 terras

82 1427 164 1468 Vectus
172 1436 218 1468 erat
223 1425 321 1482 juvenis;
331 1425 440 1482 Scythicus
449 1423 567 1465 advertitur
576 1436 631 1465 oras.

81 1501 127 1541 lter
136 1498 166 1540 ibi
175 1499 259 1555 Lyncus
268 1508 320 1540 erat.
330 1498 390 1553 Regis
400 1496 459 1539 subit
469 1495 504 1537 ille
514 1505 608 1551 penates

82 1564 133 1628 Qua
143 1571 225 1621 veniat,
235 1584 366 1625 cumamque
375 1570 425 1621 viu,
435 1583 559 1624 nomenque
568 1578 665 1625 rogatus,

82 1648 110 1689 Et
121 1644 213 1701 patriam
222 1661 227 1686 :
239 1644 326 1687 «Putria
335 1654 367 1686 est
376 1644 438 1687 clarae
447 1644 513 1694 mihi,
522 1642 586 1695 dixit,
595 1645 693 1696 Athenie5

83 1717 231 1774 Triptolemus
240 1731 328 1760 nomen.
338 1718 392 1759 Veui
402 1731 441 1759 nec
451 1730 523 1773 puppe
532 1730 571 1773 per
579 1717 659 1766 undas,

84 1794 130 1835 Nec
141 1792 194 1847 pede
203 1805 241 1847 per
250 1801 329 1833 terras:
339 1791 410 1847 patuit
420 1790 474 1832 mihi
483 1790 569 1846 pervius
578 1790 650 1832 aether.

86 1868 149 1908 Dona
158 1863 205 1906 fero
214 1864 305 1915 Cereris;
315 1863 369 1906 latos
379 1877 427 1919 quat
436 1877 508 1919 sparsa
517 1876 556 1918 per
565 1876 627 1919 agros

86 1937 211 1994 frugiferas
221 1951 310 1987 messes,
320 1937 466 1992 alimentaque
476 1935 538 1978 mitia
547 1936 663 1978 reddant.»

86 2014 194 2056 Barbarus
203 2011 290 2062 invidit;
300 2011 397 2065 tantique
407 2020 433 2051 ut
442 2008 538 2051 muueris
547 2016 624 2048 auctor

86 2090 136 2143 lpse
146 2086 184 2135 sit,
194 2085 287 2141 hospitio
298 2084 384 2140 recipit,
393 2094 515 2135 somnoque
524 2089 637 2133 gravatum

86 2157 217 2217 Aggreditur
225 2156 291 2200 ferro.
299 2159 420 2200 Conantem
430 2153 495 2208 ligere
504 2160 578 2206 pectus
