1667 2592
140 192 166 232 82
291 189 620 233 METAMonrflosnort
696 205 718 235 v.
733 195 790 237 180.

139 279 255 335 implevere
265 293 352 327 nemns3
362 278 542 334 circumfusaeque
551 278 642 321 Dianam

140 353 270 409 Corporibus
280 362 349 395 texere
358 354 408 395 suis.
416 355 500 395 'Tamen
509 351 573 394 altior
582 352 623 394 iliis

140 428 188 482 Ipsa
197 429 239 468 Dea
248 436 291 477 est,
301 426 400 482 colloque
411 437 473 469 tenus
483 425 629 482 supereminet
638 440 726 472 ornnes.

140 501 181 557 Qui
191 500 250 543 color
259 500 343 543 infectis
353 501 435 543 adversi
446 500 499 543 Solis
508 502 536 543 ab
547 501 593 544 ictu

140 576 240 618 Nubibus
249 590 293 619 esse
302 576 366 623 solet,
375 586 413 618 aut
423 590 536 632 pnrpureae
545 580 643 627 durem

140 651 159 692 Is
169 649 211 692 ruit
220 650 242 691 in
253 650 314 692 vultu
325 649 372 692 visae
381 650 427 692 sine
436 659 493 692 veste
502 650 579 692 Diana.

140 725 202 781 Quae,
212 737 345 778 quamquem
356 724 462 765 comitum
473 724 535 766 turba
545 723 624 779 stipata
632 736 740 777 suarum,

140 800 164 841 In
175 798 230 841 latus
240 798 353 852 obliquum
364 808 437 840 tamen
447 798 539 848 adstitit,
548 812 630 855 oraque
639 808 698 841 retro

141 871 217 920 Flexiu
227 881 259 920 et,
268 881 294 914 ut
304 871 365 914 veliet
374 881 471 927 promtus
481 871 581 913 habuisse
590 871 690 927 sagittas,

140 946 198 1001 Quas
207 944 295 994 babuit,
304 945 334 986 sic
344 944 415 987 hausit
425 958 502 999 aquas;
512 944 641 999 vultumque
651 944 740 988 virilem

141 1016 246 1066 Perfudit3
256 1029 398 1072 spargensque
408 1030 481 1059 cornus
491 1016 604 1063 ultricibus
613 1017 689 1068 undis,

140 1089 226 1132 Addidit
234 1089 279 1130 haec
288 1088 354 1131 cladis
363 1089 483 1144 praenuntin
494 1090 557 1131 verbe
567 1087 660 1131 futurae:

141 1162 222 1204 «Nunc
232 1161 271 1204 tibi
280 1175 316 1203 me
324 1161 394 1216 posito
402 1161 471 1203 visam
481 1162 587 1204 velamine
597 1176 681 1214 nana,

139 1233 159 1276 Si
169 1233 248 1289 poteris
257 1247 355 1284 narrare,
365 1232 421 1275 iicet.
429 1250 440 1271 »a
452 1236 494 1275 Nee
504 1232 568 1289 plura
578 1233 673 1287 minata,

140 1309 179 1350 Dut
188 1321 260 1363 sparto
270 1306 335 1362 capiti
345 1306 423 1348 uineis
433 1320 514 1349 cornus
524 1307 592 1349 cervi:

139 1382 179 1423 Dat
187 1380 282 1436 spatium
290 1379 357 1428 collo,
367 1392 507 1435 summasque
516 1380 640 1439 cacuminat
650 1395 728 1425 aurest

139 1455 194 1497 Cum
204 1453 336 1508 pedibusque
346 1465 433 1500 munus.
444 1465 494 1494 cum
504 1451 572 1508 longis
582 1454 684 1497 bracchia
694 1466 772 1500 mutat

138 1527 253 1574 cruribus,
263 1535 284 1568 et
293 1525 348 1568 velet
358 1525 468 1567 maculoso
477 1524 552 1567 vertere
561 1539 647 1581 corpus.

139 1598 228 1641 Additus
237 1606 259 1639 et
267 1610 334 1653 pavor
342 1607 379 1639 eet.
390 1597 453 1652 Fugit
461 1597 592 1640 Autonoeius
601 1598 679 1641 beros:

140 1673 165 1714 Et
174 1685 196 1712 se
205 1680 250 1714 tam
260 1669 349 1712 celerem
358 1684 424 1712 eursu
434 1671 526 1713 miratur
534 1671 556 1712 in
567 1671 621 1727 ipso.

140 1745 167 1785 Ur
177 1756 226 1783 vero
236 1741 302 1784 solitis
311 1756 350 1784 sun
359 1756 441 1785 cornua
451 1743 503 1786 vidit
512 1744 534 1785 in
543 1743 619 1794 undis,

140 1818 174 1859 Me
185 1816 287 1858 miserum
296 1818 301 1858 !
311 1817 407 1859 dicturus
416 1827 474 1860 erut:
485 1832 524 1860 vox
534 1817 594 1861 nulla
603 1829 678 1863 secuta
687 1831 727 1864 est.

140 1888 256 1945 ingemuit3
268 1902 306 1931 vox
316 1888 351 1931 illu
361 1889 414 1940 fuit3
425 1889 566 1947 leerymaeque
575 1904 614 1946 per
623 1905 662 1933 ora

140 1966 189 2005 Non
198 1977 237 2004 sua
247 1961 361 2005 duxerunt.
371 1965 430 2005 Mens
440 1973 524 2007 tanturn
535 1964 623 2020 pristina
634 1966 724 2008 mansit.

168 2036 224 2092 Quid
233 2034 309 2077 facian
318 2045 426 2091 repetatne
435 2038 537 2085 domum,
548 2047 568 2079 et
579 2037 657 2093 regalia
666 2044 738 2081 tecta?

139 2112 171 2151 dn
180 2108 244 2151 lateat
252 2106 320 2149 silvisr
331 2106 454 2159 timothoe,
464 2110 534 2164 pudor
542 2109 633 2165 impedit
642 2109 705 2152 iliud.

138 2181 195 2223 num
204 2179 301 2230 dubitet,
309 2178 380 2221 videre
388 2192 462 2232 cunes;
472 2173 598 2237 priniusque
607 2181 743 2237 Melampus,
