1667 2592
45 204 65 233 v.
79 191 130 233 206.
269 189 369 233 LIBER
386 190 463 233 vrit.
643 194 684 247 ²4¹

46 282 106 323 [nter
116 287 235 336 utrumque
244 278 298 323 vola.
310 281 354 322 Nec
365 289 385 323 te
394 289 489 336 spectare
498 281 590 334 Booten,

46 354 90 395 Aut
101 352 185 395 Helicen
191 351 271 408 jubeo,
282 353 426 409 strictumque
434 354 519 397 Orionis
528 368 609 398 ensem.

48 427 83 468 Me
92 425 148 467 duce
157 438 220 480 carpe
230 425 294 467 viam.
305 425 403 468 «Pariter
412 436 517 483 praecepta
527 427 614 470 volandi

22 542 27 551 ,
48 497 135 547 Tradit,
144 507 166 540 et
175 497 259 553 ignotas
269 498 365 540 humeris
375 499 527 542 accommodat
535 499 586 542 alas.

47 573 109 614 luter
117 584 172 627 opus
182 571 321 628 monitusque
331 585 389 627 genre
400 572 503 614 maduere
513 572 602 623 seniles,

49 647 76 689 Et
85 646 159 702 patriae
170 657 276 688 tremuere
286 660 369 689 muouo⁴
380 646 441 689 Dedit
450 647 524 689 oscula
533 657 585 690 nato

50 721 103 763 Nou
112 719 193 762 iterum
203 720 376 776 repetendarum
387 721 505 776 pennisque
515 719 597 763 levatus

51 794 107 834 dote
115 791 185 842 volat,
195 792 312 848 comitique
323 794 397 835 timet:
407 792 466 834 velut
475 791 528 842 ates,
539 793 567 834 ab
577 792 622 836 alto

52 868 106 925 Quae
116 876 212 909 tenerum
222 867 305 923 prolem
316 866 418 924 produxit
427 867 449 908 in
458 880 508 909 aera
517 867 580 919 nid0;

53 941 200 994 donaturque
209 939 270 996 sequi
276 941 449 996 ,damnosasque
458 940 529 983 erudit
538 951 607 984 artes:

54 1016 81 1057 Et
91 1023 164 1056 movet
172 1014 218 1069 ipse
226 1028 287 1065 suas,
297 1023 319 1057 et
327 1014 372 1057 nati
382 1014 468 1071 respicit
476 1013 528 1057 alas.
543 1010 556 1051 Ρ

55 1089 98 1131 flos
107 1085 197 1143 aliquis,
207 1086 300 1130 tremulo
309 1088 362 1130 dum
372 1098 446 1145 captat
454 1088 560 1131 arundine
569 1088 648 1145 pisces,

56 1163 100 1204 dut
110 1169 183 1217 pastor
192 1161 281 1212 bacuio,
291 1161 370 1204 stivave
380 1161 467 1204 iunixus
477 1171 555 1212 arator,

57 1234 131 1287 Vidit,
140 1243 162 1277 et
170 1234 294 1291 obstuputt;
303 1233 384 1288 quique
393 1234 473 1277 athera
482 1248 569 1290 carpere
577 1246 676 1291 possent,

57 1307 154 1352 Credidit
163 1321 208 1349 ease
217 1309 276 1349 Deos.
286 1310 311 1350 Et
317 1307 366 1363 jam
374 1306 470 1349 Iunonia
478 1306 530 1349 lava

59 1385 122 1426 Parte
132 1384 207 1424 Samos
217 1380 315 1432 fuerant,
325 1380 440 1437 Delosque,
450 1383 556 1437 Parosque
565 1381 653 1435 relictam

60 1455 138 1497 Dextra
147 1454 269 1511 Lebynthos
278 1463 350 1502 eraut,
360 1452 496 1510 fecundaque
505 1453 568 1497 melle
577 1455 692 1514 Calymne:

61 1531 137 1588 Quum
147 1539 202 1584 puer
210 1527 287 1570 audaci
296 1527 359 1583 coepit
367 1527 461 1582 gaudere
470 1526 555 1583 volatu,

61 1602 203 1657 Deoemitque
211 1602 302 1651 ducem,
312 1601 401 1658 coeiique
410 1601 511 1659 cupidine
521 1612 602 1647 tractus

63 1675 133 1720 ditius
143 1675 186 1731 egit
195 1675 241 1718 iter.
250 1674 325 1731 Rapidi
336 1674 413 1718 vicinia
422 1675 476 1718 Solis

64 1749 134 1792 ttoltit
143 1749 255 1797 odoratae,
264 1761 385 1805 pennarum
395 1748 492 1799 vincula,
502 1762 568 1793 cerat.

66 1823 191 1866 Tabuerant
200 1833 266 1863 certe:
276 1821 346 1871 nudos
355 1821 426 1877 quatit
434 1821 470 1864 ilie
479 1821 580 1875 lacertos,

66 1895 208 1952 Remigioque
217 1907 302 1944 careno,
312 1908 356 1936 nou
365 1895 420 1938 ullas
429 1895 518 1952 percipit
527 1909 602 1939 auras:

67 1973 154 2026 Oraque
163 1959 267 2018 cerulea,
274 1967 369 2023 patrium
378 1967 495 2010 clamantia
505 1981 597 2019 nomen,

67 2044 211 2101 Excipiuutur
220 2056 287 2098 aqua;
297 2056 345 2099 qua
353 2056 435 2086 nomen
444 2042 509 2086 traxit
517 2042 545 2084 ab
554 2041 598 2085 illo.

69 2120 97 2164 dt
105 2128 167 2176 pater
176 2116 262 2166 infelix,
271 2131 310 2160 uec
317 2116 365 2172 jam
374 2128 443 2174 pater,
453 2119 540 2167 «icere,
549 2115 613 2167 dixit,

2 2240 3 2247 ,
68 2195 140 2245 icore,
150 2190 216 2243 dixit,
225 2188 264 2233 ubi
272 2193 307 2232 est
315 2202 359 2248 qua
368 2197 388 2232 te
397 2188 484 2247 regione
493 2187 614 2244 requiram!
