1667 2592
72 164 156 216 r.47o.
305 161 406 204 uttan
424 161 484 203 Vll.
673 164 716 203 215

72 253 99 295 Et
108 253 202 309 Gyaros,
211 249 327 306 nitidaque
337 248 396 293 lerax
404 249 534 306 Peparethos
544 249 615 303 olivae,

71 323 188 368 Gnosiacas
194 323 272 381 juvere
282 333 350 366 rates:
361 323 428 367 latere
438 324 488 365 inde
497 323 584 367 sinistro

71 400 193 457 OEnopiam
204 400 273 443 Minos
283 399 348 456 petit,
357 399 462 442 AEaeldeia
472 413 544 455 regna.

70 474 193 530 OEnopiam
203 484 284 517 veteres
293 473 440 530 appellavere:
450 474 487 516 sed
496 473 542 530 ipse

70 549 148 590 AEaous
157 547 254 603 Alpinam
265 546 373 602 genitricis
382 546 472 589 nomine
481 546 542 588 onie

100 620 176 663 Turba
185 620 239 669 ruit,
250 628 359 676 tantaque
368 619 440 662 virum
450 632 579 675 cognoscere
588 617 652 661 lamae

70 694 167 751 Expetit:
177 704 296 738 occurrunt
305 694 336 736 illi
345 697 361 737 T
362 694 505 750 elamonque,
515 693 641 749 minorque,

68 770 142 826 Quam
152 768 269 819 Telamon,
278 767 363 820 Peleus,
373 778 395 812 et
404 768 475 825 proles
485 768 547 812 tertia
556 767 646 810 Phocus.

68 843 117 898 lpee
126 855 214 898 quoque
223 841 339 898 egreditur,
349 842 424 884 tardus
432 841 538 897 gravitate
546 840 619 893 senili,

70 917 157 967 AEaeus5
167 925 188 958 et
197 928 245 970 quae
254 914 283 957 sit
292 914 391 957 veniendi
401 928 466 957 causa
477 914 574 970 requirit.

69 989 201 1033 Admonitus
209 989 273 1045 patrii
283 989 355 1033 luctus
364 989 470 1047 suspirat,
480 1000 502 1033 et
510 988 541 1031 illi

68 1063 130 1106 Dicta
140 1061 206 1106 refert
216 1072 286 1106 rector
295 1063 428 1120 populorum
438 1063 490 1107 talia
499 1074 603 1108 eentum:

70 1137 155 1178 «Arma
161 1134 226 1191 juves
235 1148 275 1177 oro
284 1148 324 1192 pro
333 1146 399 1192 gnato
408 1146 493 1188 sumta3
504 1137 588 1193 piaeque

68 1211 120 1252 Pars
129 1208 159 1251 ais
168 1206 264 1251 militie:
275 1208 362 1252 tumulo
371 1210 448 1252 solatia
457 1223 529 1266 posco.
536 1227 548 1249 u

68 1281 124 1324 nuic
134 1280 261 1338 Asopiades,
271 1280 345 1324 «Petis
354 1280 426 1333 irrita,
436 1281 500 1331 dixit,
511 1292 532 1324 et
541 1282 591 1324 urbi

67 1356 130 1399 Haud
141 1353 240 1400 facienda
250 1369 303 1397 meae
311 1369 316 1394 z
325 1368 396 1411 neque
405 1354 466 1396 euim
475 1353 614 1410 conjunctior
623 1354 668 1398 ulla

66 1426 191 1484 Cecropidis
202 1427 242 1469 lrac
251 1437 283 1469 est
293 1425 368 1470 tellus:
379 1440 404 1469 ea
414 1426 494 1470 loedera
504 1427 573 1468 uobis.
580 1444 592 1466 a

67 1501 145 1544 Tristia
154 1501 210 1553 abit,
222 1501 376 1557 astabuntque
387 1500 426 1543 tibi
437 1510 475 1543 tua
484 1499 564 1543 loedera
573 1515 664 1558 magno,

67 1575 137 1619 Dixit:
145 1592 157 1614 ι»
167 1586 189 1618 et
199 1574 273 1619 utilius
284 1575 366 1618 bellum
377 1586 441 1632 putat
450 1589 495 1619 esse
505 1577 596 1629 minari,

67 1652 140 1711 Quam
150 1664 233 1707 gerere,
243 1660 308 1707 atque
319 1664 369 1694 suas
378 1651 409 1693 ibi
417 1664 591 1708 praeconsumere
601 1652 662 1695 viree

97 1799 135 1840 tx.
147 1798 233 1841 Cursus
242 1799 270 1841 ab
280 1798 381 1855 OEnopiis
390 1799 514 1842 etiamnum
524 1800 597 1857 Lyctia
607 1799 676 1842 muris

66 1871 162 1928 Spectari
172 1881 268 1928 poterat,
277 1886 348 1928 quum
358 1871 422 1928 pleno
432 1871 516 1914 concita
527 1870 574 1914 velo

65 1948 137 1990 Attica
147 1946 227 2004 puppis
236 1946 309 1999 adest,
318 1947 341 1989 in
350 1959 470 2003 portusque
480 1946 547 1988 intrat
555 1945 650 1988 amieos:

65 2023 120 2079 Quae
129 2020 263 2078 Cephalum,
272 2021 391 2077 patrieque
400 2020 467 2063 simul
480 2019 583 2061 mandata
593 2018 683 2060 ferebat.

66 2096 157 2139 &cide
166 2096 232 2152 longo
238 2095 330 2151 juvenes
339 2106 389 2152 post
398 2107 495 2151 tempore
505 2094 576 2136 risum

65 2171 176 2225 Agnovere
187 2179 262 2213 tamen
270 2167 404 2224 Cephalum
412 2169 540 2223 dextrasque
549 2167 639 2218 dedere,
