<?xml version="1.0" encoding="UTF-8"?>
<!DOCTYPE html PUBLIC "-//W3C//DTD XHTML 1.0 Transitional//EN"
    "http://www.w3.org/TR/xhtml1/DTD/xhtml1-transitional.dtd">
<html xmlns="http://www.w3.org/1999/xhtml" xml:lang="en" lang="en">
 <head>
  <title>
</title>
<meta http-equiv="Content-Type" content="text/html;charset=utf-8" />
  <meta name='ocr-system' content='tesseract 3.04.00' />
  <meta name='ocr-capabilities' content='ocr_page ocr_carea ocr_par ocr_line ocrx_word'/>
</head>
<body>
  <div class='ocr_page' id='page_1' title='image "./opera00accugoog/opera00accugoog_0084.png"; bbox 0 0 1667 2592; ppageno 0'>
   <div class='ocr_carea' id='block_1_1' title="bbox 123 153 762 213">
    <p class='ocr_par' dir='ltr' id='par_1_1' title="bbox 123 153 762 213">
     <span class='ocr_line' id='line_1_1' title="bbox 123 153 762 213; baseline 0.006 -17"><span class='ocrx_word' id='word_1_1' title='bbox 123 155 153 196; x_wconf 68' lang='lat'><strong>80</strong></span> <span class='ocrx_word' id='word_1_2' title='bbox 277 153 605 198; x_wconf 62' lang='lat' dir='ltr'><strong>Memnone-uosmet</strong></span> <span class='ocrx_word' id='word_1_3' title='bbox 677 170 762 213; x_wconf 69' lang='lat' dir='ltr'><strong>may.</strong></span> 
     </span>
    </p>
   </div>
   <div class='ocr_carea' id='block_1_2' title="bbox 117 242 674 521">
    <p class='ocr_par' dir='ltr' id='par_1_2' title="bbox 117 242 674 521">
     <span class='ocr_line' id='line_1_2' title="bbox 125 242 649 299; baseline 0.008 -16"><span class='ocrx_word' id='word_1_4' title='bbox 125 244 145 284; x_wconf 72' lang='lat' dir='ltr'><strong>te</strong></span> <span class='ocrx_word' id='word_1_5' title='bbox 154 255 194 284; x_wconf 78' lang='lat' dir='ltr'><strong>sun</strong></span> <span class='ocrx_word' id='word_1_6' title='bbox 199 242 254 299; x_wconf 86' lang='lat' dir='ltr'><strong>jecit</strong></span> <span class='ocrx_word' id='word_1_7' title='bbox 262 243 336 293; x_wconf 89' lang='lat' dir='ltr'><strong>humi,</strong></span> <span class='ocrx_word' id='word_1_8' title='bbox 346 243 432 285; x_wconf 86' lang='lat' dir='ltr'><strong>monitu</strong></span> <span class='ocrx_word' id='word_1_9' title='bbox 441 243 566 295; x_wconf 80' lang='lat' dir='ltr'><strong>Tritonidis,</strong></span> <span class='ocrx_word' id='word_1_10' title='bbox 575 257 649 296; x_wconf 81' lang='lat' dir='ltr'><strong>arma;</strong></span> 
     </span>
     <span class='ocr_line' id='line_1_3' title="bbox 128 316 659 375; baseline 0.002 -16"><span class='ocrx_word' id='word_1_11' title='bbox 128 319 275 372; x_wconf 68' lang='lat' dir='ltr'><strong>fraterneque</strong></span> <span class='ocrx_word' id='word_1_12' title='bbox 285 316 349 358; x_wconf 81' lang='lat' dir='ltr'><strong>fidem</strong></span> <span class='ocrx_word' id='word_1_13' title='bbox 360 316 417 371; x_wconf 82' lang='lat' dir='ltr'><strong>pacis</strong></span> <span class='ocrx_word' id='word_1_14' title='bbox 427 317 540 372; x_wconf 86' lang='lat' dir='ltr'><strong>petiitque,</strong></span> <span class='ocrx_word' id='word_1_15' title='bbox 550 317 659 375; x_wconf 77' lang='lat' dir='ltr'><strong>deditque.</strong></span> 
     </span>
     <span class='ocr_line' id='line_1_4' title="bbox 117 391 638 448; baseline 0.004 -15"><span class='ocrx_word' id='word_1_16' title='bbox 117 392 169 433; x_wconf 78' lang='lat' dir='ltr'><strong>¹ilos</strong></span> <span class='ocrx_word' id='word_1_17' title='bbox 178 391 248 446; x_wconf 86' lang='lat' dir='ltr'><strong>operis</strong></span> <span class='ocrx_word' id='word_1_18' title='bbox 256 391 345 432; x_wconf 83' lang='lat' dir='ltr'><strong>comites</strong></span> <span class='ocrx_word' id='word_1_19' title='bbox 355 391 432 433; x_wconf 85' lang='lat' dir='ltr'><strong>habuit</strong></span> <span class='ocrx_word' id='word_1_20' title='bbox 441 391 540 434; x_wconf 83' lang='lat' dir='ltr'><strong>Sidonius</strong></span> <span class='ocrx_word' id='word_1_21' title='bbox 546 392 638 448; x_wconf 71' lang='lat' dir='ltr'><strong>hospes,</strong></span> 
     </span>
     <span class='ocr_line' id='line_1_5' title="bbox 127 464 674 521; baseline 0.005 -14"><span class='ocrx_word' id='word_1_22' title='bbox 127 466 200 521; x_wconf 78' lang='lat' dir='ltr'><strong>Quum</strong></span> <span class='ocrx_word' id='word_1_23' title='bbox 210 466 282 521; x_wconf 83' lang='lat' dir='ltr'><strong>posuit</strong></span> <span class='ocrx_word' id='word_1_24' title='bbox 287 464 372 520; x_wconf 74' lang='lat' dir='ltr'><strong>jussam</strong></span> <span class='ocrx_word' id='word_1_25' title='bbox 382 466 477 507; x_wconf 79' lang='lat' dir='ltr'><strong>Phoebeis</strong></span> <span class='ocrx_word' id='word_1_26' title='bbox 486 466 579 508; x_wconf 76' lang='lat' dir='ltr'><strong>sortibus</strong></span> <span class='ocrx_word' id='word_1_27' title='bbox 588 468 674 510; x_wconf 73' lang='lat' dir='ltr'><strong>urbem.</strong></span> 
     </span>
    </p>
   </div>
   <div class='ocr_carea' id='block_1_3' title="bbox 120 609 777 2195">
    <p class='ocr_par' dir='ltr' id='par_1_3' title="bbox 125 609 777 812">
     <span class='ocr_line' id='line_1_6' title="bbox 153 609 777 667; baseline 0.011 -16"><span class='ocrx_word' id='word_1_28' title='bbox 153 612 188 651; x_wconf 80' lang='grc' dir='ltr'>ΙΙΙ.</span> <span class='ocrx_word' id='word_1_29' title='bbox 199 612 244 652; x_wconf 81' lang='lat' dir='ltr'><strong>Jrrr</strong></span> <span class='ocrx_word' id='word_1_30' title='bbox 253 609 339 652; x_wconf 76' lang='lat' dir='ltr'><strong>stabant</strong></span> <span class='ocrx_word' id='word_1_31' title='bbox 347 610 437 652; x_wconf 68' lang='lat' dir='ltr'><strong>Thebae:</strong></span> <span class='ocrx_word' id='word_1_32' title='bbox 448 619 532 665; x_wconf 83' lang='lat' dir='ltr'><strong>poteras</strong></span> <span class='ocrx_word' id='word_1_33' title='bbox 538 611 597 667; x_wconf 81' lang='lat' dir='ltr'><strong>jam,</strong></span> <span class='ocrx_word' id='word_1_34' title='bbox 607 612 699 666; x_wconf 79' lang='lat' dir='ltr'><strong>Cadme,</strong></span> <span class='ocrx_word' id='word_1_35' title='bbox 709 614 777 658; x_wconf 85' lang='lat' dir='ltr'><strong>rideri</strong></span> 
     </span>
     <span class='ocr_line' id='line_1_7' title="bbox 125 682 631 741; baseline 0.006 -16"><span class='ocrx_word' id='word_1_36' title='bbox 125 683 202 725; x_wconf 83' lang='lat' dir='ltr'><strong>Exsilio</strong></span> <span class='ocrx_word' id='word_1_37' title='bbox 212 682 274 725; x_wconf 79' lang='lat' dir='ltr'><strong>felix:</strong></span> <span class='ocrx_word' id='word_1_38' title='bbox 284 683 351 725; x_wconf 86' lang='lat' dir='ltr'><strong>soceri</strong></span> <span class='ocrx_word' id='word_1_39' title='bbox 361 683 399 725; x_wconf 90' lang='lat' dir='ltr'><strong>tibi</strong></span> <span class='ocrx_word' id='word_1_40' title='bbox 409 685 507 737; x_wconf 77' lang='lat' dir='ltr'><strong>Marsque</strong></span> <span class='ocrx_word' id='word_1_41' title='bbox 517 685 631 741; x_wconf 83' lang='lat' dir='ltr'><strong>Venusque</strong></span> 
     </span>
     <span class='ocr_line' id='line_1_8' title="bbox 125 755 684 812; baseline 0.004 -14"><span class='ocrx_word' id='word_1_42' title='bbox 125 757 276 812; x_wconf 71' lang='lat' dir='ltr'><strong>Contigerant:</strong></span> <span class='ocrx_word' id='word_1_43' title='bbox 285 756 328 798; x_wconf 84' lang='lat' dir='ltr'><strong>huc</strong></span> <span class='ocrx_word' id='word_1_44' title='bbox 338 756 391 797; x_wconf 84' lang='lat' dir='ltr'><strong>adde</strong></span> <span class='ocrx_word' id='word_1_45' title='bbox 400 770 467 812; x_wconf 69' lang='lat' dir='ltr'><strong>genus</strong></span> <span class='ocrx_word' id='word_1_46' title='bbox 476 757 502 798; x_wconf 89' lang='lat' dir='ltr'><strong>de</strong></span> <span class='ocrx_word' id='word_1_47' title='bbox 511 755 602 812; x_wconf 67' lang='lat' dir='ltr'><strong>conjuge</strong></span> <span class='ocrx_word' id='word_1_48' title='bbox 612 767 684 809; x_wconf 78' lang='lat' dir='ltr'><strong>tonte,</strong></span> 
     </span>
    </p>

    <p class='ocr_par' dir='ltr' id='par_1_4' title="bbox 125 828 692 885">
     <span class='ocr_line' id='line_1_9' title="bbox 125 828 692 885; baseline 0.005 -15"><span class='ocrx_word' id='word_1_49' title='bbox 125 831 166 871; x_wconf 85' lang='lat' dir='ltr'><strong>Tot</strong></span> <span class='ocrx_word' id='word_1_50' title='bbox 175 838 248 877; x_wconf 85' lang='lat' dir='ltr'><strong>natos,</strong></span> <span class='ocrx_word' id='word_1_51' title='bbox 257 837 371 883; x_wconf 82' lang='lat' dir='ltr'><strong>natasque,</strong></span> <span class='ocrx_word' id='word_1_52' title='bbox 381 837 413 879; x_wconf 86' lang='lat' dir='ltr'><strong>et,</strong></span> <span class='ocrx_word' id='word_1_53' title='bbox 424 828 512 883; x_wconf 67' lang='lat' dir='ltr'><strong>pignora</strong></span> <span class='ocrx_word' id='word_1_54' title='bbox 521 842 581 879; x_wconf 80' lang='lat' dir='ltr'><strong>cara,</strong></span> <span class='ocrx_word' id='word_1_55' title='bbox 592 839 692 885; x_wconf 56' lang='lat' dir='ltr'><strong>nepotem</strong></span> 
     </span>
    </p>

    <p class='ocr_par' dir='ltr' id='par_1_5' title="bbox 126 899 746 1030">
     <span class='ocr_line' id='line_1_10' title="bbox 126 899 746 960; baseline 0.005 -17"><span class='ocrx_word' id='word_1_56' title='bbox 126 903 168 943; x_wconf 78' lang='lat' dir='ltr'><strong>Hos</strong></span> <span class='ocrx_word' id='word_1_57' title='bbox 177 915 264 957; x_wconf 91' lang='lat' dir='ltr'><strong>quoque</strong></span> <span class='ocrx_word' id='word_1_58' title='bbox 270 900 318 956; x_wconf 81' lang='lat' dir='ltr'><strong>jem</strong></span> <span class='ocrx_word' id='word_1_59' title='bbox 324 899 415 956; x_wconf 83' lang='lat' dir='ltr'><strong>juvenes</strong></span> <span class='ocrx_word' id='word_1_60' title='bbox 424 914 428 938; x_wconf 90' lang='lat'>:</span> <span class='ocrx_word' id='word_1_61' title='bbox 438 900 475 942; x_wconf 83' lang='lat' dir='ltr'><strong>sed</strong></span> <span class='ocrx_word' id='word_1_62' title='bbox 484 900 564 943; x_wconf 87' lang='lat' dir='ltr'><strong>seilicet</strong></span> <span class='ocrx_word' id='word_1_63' title='bbox 573 900 651 944; x_wconf 80' lang='lat' dir='ltr'><strong>ultime</strong></span> <span class='ocrx_word' id='word_1_64' title='bbox 659 916 746 960; x_wconf 81' lang='lat' dir='ltr'><strong>semper</strong></span> 
     </span>
     <span class='ocr_line' id='line_1_11' title="bbox 126 973 608 1030; baseline 0 -13"><span class='ocrx_word' id='word_1_65' title='bbox 126 975 271 1030; x_wconf 82' lang='lat' dir='ltr'><strong>Exspectanda</strong></span> <span class='ocrx_word' id='word_1_66' title='bbox 280 974 323 1014; x_wconf 88' lang='lat' dir='ltr'><strong>dies</strong></span> <span class='ocrx_word' id='word_1_67' title='bbox 333 973 417 1016; x_wconf 86' lang='lat' dir='ltr'><strong>homini</strong></span> <span class='ocrx_word' id='word_1_68' title='bbox 426 989 430 1012; x_wconf 92' lang='lat'><strong>:</strong></span> <span class='ocrx_word' id='word_1_69' title='bbox 439 974 524 1029; x_wconf 86' lang='lat' dir='ltr'><strong>dieique</strong></span> <span class='ocrx_word' id='word_1_70' title='bbox 533 975 608 1017; x_wconf 76' lang='lat' dir='ltr'><strong>beatus</strong></span> 
     </span>
    </p>

    <p class='ocr_par' dir='ltr' id='par_1_6' title="bbox 125 1045 679 1101">
     <span class='ocr_line' id='line_1_12' title="bbox 125 1045 679 1101; baseline 0.004 -11"><span class='ocrx_word' id='word_1_71' title='bbox 125 1050 179 1090; x_wconf 77' lang='lat' dir='ltr'><strong>Ante</strong></span> <span class='ocrx_word' id='word_1_72' title='bbox 188 1046 273 1087; x_wconf 88' lang='lat' dir='ltr'><strong>obitum</strong></span> <span class='ocrx_word' id='word_1_73' title='bbox 283 1057 358 1094; x_wconf 86' lang='lat' dir='ltr'><strong>nemo,</strong></span> <span class='ocrx_word' id='word_1_74' title='bbox 368 1058 512 1101; x_wconf 79' lang='lat' dir='ltr'><strong>supremaque</strong></span> <span class='ocrx_word' id='word_1_75' title='bbox 521 1045 598 1089; x_wconf 79' lang='lat' dir='ltr'><strong>funera</strong></span> <span class='ocrx_word' id='word_1_76' title='bbox 606 1048 679 1092; x_wconf 84' lang='lat' dir='ltr'><strong>debet.</strong></span> 
     </span>
    </p>

    <p class='ocr_par' dir='ltr' id='par_1_7' title="bbox 124 1117 694 1246">
     <span class='ocr_line' id='line_1_13' title="bbox 125 1117 694 1173; baseline 0.007 -12"><span class='ocrx_word' id='word_1_77' title='bbox 125 1120 196 1161; x_wconf 83' lang='lat' dir='ltr'><strong>Prima</strong></span> <span class='ocrx_word' id='word_1_78' title='bbox 206 1132 271 1173; x_wconf 88' lang='lat' dir='ltr'><strong>nepos</strong></span> <span class='ocrx_word' id='word_1_79' title='bbox 280 1117 336 1159; x_wconf 90' lang='lat' dir='ltr'><strong>inter</strong></span> <span class='ocrx_word' id='word_1_80' title='bbox 345 1127 376 1159; x_wconf 88' lang='lat' dir='ltr'><strong>tot</strong></span> <span class='ocrx_word' id='word_1_81' title='bbox 385 1131 417 1158; x_wconf 87' lang='lat' dir='ltr'><strong>res</strong></span> <span class='ocrx_word' id='word_1_82' title='bbox 429 1118 477 1169; x_wconf 91' lang='lat' dir='ltr'><strong>tibi,</strong></span> <span class='ocrx_word' id='word_1_83' title='bbox 487 1120 576 1170; x_wconf 86' lang='lat' dir='ltr'><strong>Cadme,</strong></span> <span class='ocrx_word' id='word_1_84' title='bbox 586 1123 694 1165; x_wconf 70' lang='lat' dir='ltr'><strong>secundas</strong></span> 
     </span>
     <span class='ocr_line' id='line_1_14' title="bbox 124 1190 623 1246; baseline 0 -10"><span class='ocrx_word' id='word_1_85' title='bbox 124 1195 193 1236; x_wconf 74' lang='lat' dir='ltr'><strong>eausa</strong></span> <span class='ocrx_word' id='word_1_86' title='bbox 202 1190 244 1233; x_wconf 82' lang='lat' dir='ltr'><strong>init</strong></span> <span class='ocrx_word' id='word_1_87' title='bbox 253 1190 335 1242; x_wconf 88' lang='lat' dir='ltr'><strong>luctus,</strong></span> <span class='ocrx_word' id='word_1_88' title='bbox 345 1191 457 1246; x_wconf 80' lang='lat' dir='ltr'><strong>alienaque</strong></span> <span class='ocrx_word' id='word_1_89' title='bbox 466 1205 547 1234; x_wconf 85' lang='lat' dir='ltr'><strong>cornua</strong></span> <span class='ocrx_word' id='word_1_90' title='bbox 557 1193 623 1236; x_wconf 82' lang='lat' dir='ltr'><strong>fronti</strong></span> 
     </span>
    </p>

    <p class='ocr_par' dir='ltr' id='par_1_8' title="bbox 123 1265 651 1321">
     <span class='ocr_line' id='line_1_15' title="bbox 123 1265 651 1321; baseline 0 -11"><span class='ocrx_word' id='word_1_91' title='bbox 123 1267 211 1316; x_wconf 77' lang='lat' dir='ltr'><strong>Addita,</strong></span> <span class='ocrx_word' id='word_1_92' title='bbox 222 1278 300 1320; x_wconf 82' lang='lat' dir='ltr'><strong>vosque</strong></span> <span class='ocrx_word' id='word_1_93' title='bbox 309 1279 371 1307; x_wconf 83' lang='lat' dir='ltr'><strong>canes</strong></span> <span class='ocrx_word' id='word_1_94' title='bbox 381 1265 461 1307; x_wconf 78' lang='lat' dir='ltr'><strong>satiate</strong></span> <span class='ocrx_word' id='word_1_95' title='bbox 470 1266 572 1321; x_wconf 79' lang='lat' dir='ltr'><strong>sanguine</strong></span> <span class='ocrx_word' id='word_1_96' title='bbox 582 1267 651 1310; x_wconf 76' lang='lat' dir='ltr'><strong>herili</strong></span> 
     </span>
    </p>

    <p class='ocr_par' dir='ltr' id='par_1_9' title="bbox 123 1337 632 1392">
     <span class='ocr_line' id='line_1_16' title="bbox 123 1337 632 1392; baseline -0.002 -10"><span class='ocrx_word' id='word_1_97' title='bbox 123 1341 149 1382; x_wconf 77' lang='lat' dir='ltr'><strong>At</strong></span> <span class='ocrx_word' id='word_1_98' title='bbox 159 1340 213 1381; x_wconf 88' lang='lat' dir='ltr'><strong>bene</strong></span> <span class='ocrx_word' id='word_1_99' title='bbox 222 1337 240 1379; x_wconf 82' lang='lat' dir='ltr'><strong>si</strong></span> <span class='ocrx_word' id='word_1_100' title='bbox 249 1351 342 1392; x_wconf 73' lang='lat' dir='ltr'><strong>queres,</strong></span> <span class='ocrx_word' id='word_1_101' title='bbox 352 1338 451 1378; x_wconf 77' lang='lat' dir='ltr'><strong>Fortunae</strong></span> <span class='ocrx_word' id='word_1_102' title='bbox 461 1337 542 1380; x_wconf 85' lang='lat' dir='ltr'><strong>crimen</strong></span> <span class='ocrx_word' id='word_1_103' title='bbox 552 1339 575 1379; x_wconf 92' lang='lat' dir='ltr'><strong>in</strong></span> <span class='ocrx_word' id='word_1_104' title='bbox 584 1338 632 1392; x_wconf 87' lang='lat' dir='ltr'><strong>illo,</strong></span> 
     </span>
    </p>

    <p class='ocr_par' dir='ltr' id='par_1_10' title="bbox 124 1410 767 1467">
     <span class='ocr_line' id='line_1_17' title="bbox 124 1410 767 1467; baseline 0 -13"><span class='ocrx_word' id='word_1_105' title='bbox 124 1415 173 1455; x_wconf 88' lang='lat' dir='ltr'><strong>Non</strong></span> <span class='ocrx_word' id='word_1_106' title='bbox 183 1412 250 1454; x_wconf 77' lang='lat' dir='ltr'><strong>scetus</strong></span> <span class='ocrx_word' id='word_1_107' title='bbox 260 1410 366 1453; x_wconf 84' lang='lat' dir='ltr'><strong>invenies:</strong></span> <span class='ocrx_word' id='word_1_108' title='bbox 376 1410 435 1467; x_wconf 88' lang='lat' dir='ltr'><strong>quod</strong></span> <span class='ocrx_word' id='word_1_109' title='bbox 444 1411 502 1452; x_wconf 89' lang='lat' dir='ltr'><strong>enim</strong></span> <span class='ocrx_word' id='word_1_110' title='bbox 512 1411 580 1453; x_wconf 84' lang='lat' dir='ltr'><strong>scelus</strong></span> <span class='ocrx_word' id='word_1_111' title='bbox 589 1426 649 1454; x_wconf 86' lang='lat' dir='ltr'><strong>error</strong></span> <span class='ocrx_word' id='word_1_112' title='bbox 658 1414 767 1460; x_wconf 65' lang='lat' dir='ltr'><strong>habebat!</strong></span> 
     </span>
    </p>

    <p class='ocr_par' dir='ltr' id='par_1_11' title="bbox 122 1482 695 1612">
     <span class='ocr_line' id='line_1_18' title="bbox 154 1482 687 1531; baseline -0.002 -4"><span class='ocrx_word' id='word_1_113' title='bbox 154 1489 214 1528; x_wconf 88' lang='lat' dir='ltr'><strong>Mons</strong></span> <span class='ocrx_word' id='word_1_114' title='bbox 223 1494 279 1531; x_wconf 78' lang='lat' dir='ltr'><strong>erat,</strong></span> <span class='ocrx_word' id='word_1_115' title='bbox 289 1482 381 1525; x_wconf 83' lang='lat' dir='ltr'><strong>infectus</strong></span> <span class='ocrx_word' id='word_1_116' title='bbox 391 1483 499 1524; x_wconf 83' lang='lat' dir='ltr'><strong>variarum</strong></span> <span class='ocrx_word' id='word_1_117' title='bbox 509 1485 565 1524; x_wconf 67' lang='lat' dir='ltr'><strong>caede</strong></span> <span class='ocrx_word' id='word_1_118' title='bbox 575 1484 687 1528; x_wconf 78' lang='lat' dir='ltr'><strong>ferarum:</strong></span> 
     </span>
     <span class='ocr_line' id='line_1_19' title="bbox 122 1555 695 1612; baseline 0.009 -14"><span class='ocrx_word' id='word_1_119' title='bbox 122 1559 213 1612; x_wconf 83' lang='lat' dir='ltr'><strong>Jamque</strong></span> <span class='ocrx_word' id='word_1_120' title='bbox 222 1558 266 1598; x_wconf 75' lang='lat' dir='ltr'><strong>dito</strong></span> <span class='ocrx_word' id='word_1_121' title='bbox 276 1569 348 1598; x_wconf 83' lang='lat' dir='ltr'><strong>terum</strong></span> <span class='ocrx_word' id='word_1_122' title='bbox 358 1555 441 1597; x_wconf 86' lang='lat' dir='ltr'><strong>medias</strong></span> <span class='ocrx_word' id='word_1_123' title='bbox 448 1566 582 1598; x_wconf 71' lang='lat' dir='ltr'><strong>contraxerat</strong></span> <span class='ocrx_word' id='word_1_124' title='bbox 592 1559 695 1612; x_wconf 84' lang='lat' dir='ltr'><strong>umbras;</strong></span> 
     </span>
    </p>

    <p class='ocr_par' dir='ltr' id='par_1_12' title="bbox 123 1628 576 1683">
     <span class='ocr_line' id='line_1_20' title="bbox 123 1628 576 1683; baseline -0.004 -11"><span class='ocrx_word' id='word_1_125' title='bbox 123 1631 148 1672; x_wconf 87' lang='lat' dir='ltr'><strong>Et</strong></span> <span class='ocrx_word' id='word_1_126' title='bbox 158 1628 192 1670; x_wconf 84' lang='lat' dir='ltr'><strong>Sol</strong></span> <span class='ocrx_word' id='word_1_127' title='bbox 201 1642 227 1670; x_wconf 83' lang='lat' dir='ltr'><strong>ex</strong></span> <span class='ocrx_word' id='word_1_128' title='bbox 235 1642 296 1682; x_wconf 76' lang='lat' dir='ltr'><strong>nequo</strong></span> <span class='ocrx_word' id='word_1_129' title='bbox 306 1638 363 1670; x_wconf 82' lang='lat' dir='ltr'><strong>meta</strong></span> <span class='ocrx_word' id='word_1_130' title='bbox 370 1628 466 1669; x_wconf 80' lang='lat' dir='ltr'><strong>distabat</strong></span> <span class='ocrx_word' id='word_1_131' title='bbox 475 1639 576 1683; x_wconf 82' lang='lat' dir='ltr'><strong>utraque;</strong></span> 
     </span>
    </p>

    <p class='ocr_par' dir='ltr' id='par_1_13' title="bbox 121 1699 687 1830">
     <span class='ocr_line' id='line_1_21' title="bbox 123 1699 687 1759; baseline 0.007 -17"><span class='ocrx_word' id='word_1_132' title='bbox 123 1704 197 1759; x_wconf 79' lang='lat' dir='ltr'><strong>Quum</strong></span> <span class='ocrx_word' id='word_1_133' title='bbox 203 1701 290 1757; x_wconf 85' lang='lat' dir='ltr'><strong>juvenis</strong></span> <span class='ocrx_word' id='word_1_134' title='bbox 299 1699 383 1755; x_wconf 82' lang='lat' dir='ltr'><strong>placido</strong></span> <span class='ocrx_word' id='word_1_135' title='bbox 391 1713 430 1755; x_wconf 93' lang='lat' dir='ltr'><strong>per</strong></span> <span class='ocrx_word' id='word_1_136' title='bbox 439 1701 498 1742; x_wconf 83' lang='lat' dir='ltr'><strong>deria</strong></span> <span class='ocrx_word' id='word_1_137' title='bbox 508 1701 575 1742; x_wconf 79' lang='lat' dir='ltr'><strong>lustra</strong></span> <span class='ocrx_word' id='word_1_138' title='bbox 585 1715 687 1759; x_wconf 69' lang='lat' dir='ltr'><strong>vagantes</strong></span> 
     </span>
     <span class='ocr_line' id='line_1_22' title="bbox 121 1775 629 1830; baseline -0.002 -12"><span class='ocrx_word' id='word_1_139' title='bbox 121 1776 235 1830; x_wconf 83' lang='lat' dir='ltr'><strong>Participes</strong></span> <span class='ocrx_word' id='word_1_140' title='bbox 244 1787 334 1829; x_wconf 90' lang='lat' dir='ltr'><strong>operum</strong></span> <span class='ocrx_word' id='word_1_141' title='bbox 343 1775 458 1829; x_wconf 77' lang='lat' dir='ltr'><strong>compellat</strong></span> <span class='ocrx_word' id='word_1_142' title='bbox 468 1775 569 1830; x_wconf 73' lang='lat' dir='ltr'><strong>Hyantius</strong></span> <span class='ocrx_word' id='word_1_143' title='bbox 579 1789 615 1817; x_wconf 88' lang='lat' dir='ltr'><strong>ore</strong></span> <span class='ocrx_word' id='word_1_144' title='bbox 624 1793 629 1817; x_wconf 94' lang='lat'>:</span> 
     </span>
    </p>

    <p class='ocr_par' dir='ltr' id='par_1_14' title="bbox 122 1847 753 1975">
     <span class='ocr_line' id='line_1_23' title="bbox 123 1847 753 1905; baseline 0.013 -16"><span class='ocrx_word' id='word_1_145' title='bbox 123 1867 134 1889; x_wconf 78' lang='grc' dir='ltr'><strong>α</strong></span> <span class='ocrx_word' id='word_1_146' title='bbox 141 1850 192 1891; x_wconf 83' lang='lat' dir='ltr'><strong>Lina</strong></span> <span class='ocrx_word' id='word_1_147' title='bbox 203 1848 299 1891; x_wconf 79' lang='lat' dir='ltr'><strong>madent.</strong></span> <span class='ocrx_word' id='word_1_148' title='bbox 309 1848 409 1897; x_wconf 85' lang='lat' dir='ltr'><strong>comites,</strong></span> <span class='ocrx_word' id='word_1_149' title='bbox 420 1847 544 1902; x_wconf 83' lang='lat' dir='ltr'><strong>ferrumque</strong></span> <span class='ocrx_word' id='word_1_150' title='bbox 554 1862 630 1891; x_wconf 84' lang='lat' dir='ltr'><strong>cruore</strong></span> <span class='ocrx_word' id='word_1_151' title='bbox 640 1850 753 1905; x_wconf 78' lang='lat' dir='ltr'><strong>ferarum,</strong></span> 
     </span>
     <span class='ocr_line' id='line_1_24' title="bbox 122 1920 648 1975; baseline 0 -9"><span class='ocrx_word' id='word_1_152' title='bbox 122 1926 282 1975; x_wconf 80' lang='lat' dir='ltr'><strong>Fortunamque</strong></span> <span class='ocrx_word' id='word_1_153' title='bbox 291 1920 335 1962; x_wconf 88' lang='lat' dir='ltr'><strong>dies</strong></span> <span class='ocrx_word' id='word_1_154' title='bbox 344 1921 421 1963; x_wconf 82' lang='lat' dir='ltr'><strong>habuit</strong></span> <span class='ocrx_word' id='word_1_155' title='bbox 430 1922 488 1963; x_wconf 84' lang='lat' dir='ltr'><strong>satis.</strong></span> <span class='ocrx_word' id='word_1_156' title='bbox 496 1922 566 1964; x_wconf 81' lang='lat' dir='ltr'><strong>ditem</strong></span> <span class='ocrx_word' id='word_1_157' title='bbox 577 1924 648 1966; x_wconf 81' lang='lat' dir='ltr'><strong>iucem</strong></span> 
     </span>
    </p>

    <p class='ocr_par' dir='ltr' id='par_1_15' title="bbox 120 1993 737 2195">
     <span class='ocr_line' id='line_1_25' title="bbox 122 1993 623 2053; baseline -0.002 -15"><span class='ocrx_word' id='word_1_158' title='bbox 122 1999 196 2053; x_wconf 79' lang='lat' dir='ltr'><strong>Quum</strong></span> <span class='ocrx_word' id='word_1_159' title='bbox 206 1993 285 2034; x_wconf 87' lang='lat' dir='ltr'><strong>croceis</strong></span> <span class='ocrx_word' id='word_1_160' title='bbox 294 2002 364 2033; x_wconf 86' lang='lat' dir='ltr'><strong>evecta</strong></span> <span class='ocrx_word' id='word_1_161' title='bbox 374 1994 425 2034; x_wconf 89' lang='lat' dir='ltr'><strong>rotis</strong></span> <span class='ocrx_word' id='word_1_162' title='bbox 434 1997 517 2034; x_wconf 78' lang='lat' dir='ltr'><strong>Aurora</strong></span> <span class='ocrx_word' id='word_1_163' title='bbox 526 1996 623 2047; x_wconf 86' lang='lat' dir='ltr'><strong>reducet,</strong></span> 
     </span>
     <span class='ocr_line' id='line_1_26' title="bbox 120 2068 737 2129; baseline -0.002 -17"><span class='ocrx_word' id='word_1_164' title='bbox 120 2069 256 2124; x_wconf 86' lang='lat' dir='ltr'><strong>Propositum</strong></span> <span class='ocrx_word' id='word_1_165' title='bbox 266 2077 386 2121; x_wconf 85' lang='lat' dir='ltr'><strong>repetamus</strong></span> <span class='ocrx_word' id='word_1_166' title='bbox 395 2080 456 2121; x_wconf 85' lang='lat' dir='ltr'><strong>opus.</strong></span> <span class='ocrx_word' id='word_1_167' title='bbox 467 2069 485 2107; x_wconf 88' lang='lat' dir='ltr'>N</span> <span class='ocrx_word' id='word_1_168' title='bbox 488 2082 529 2109; x_wconf 89' lang='lat' dir='ltr'><strong>unc</strong></span> <span class='ocrx_word' id='word_1_169' title='bbox 540 2068 630 2111; x_wconf 76' lang='lat' dir='ltr'><strong>Phoebus</strong></span> <span class='ocrx_word' id='word_1_170' title='bbox 640 2081 737 2129; x_wconf 63' lang='lat' dir='ltr'><strong>utraque</strong></span> 
     </span>
     <span class='ocr_line' id='line_1_27' title="bbox 120 2138 638 2195; baseline -0.002 -11"><span class='ocrx_word' id='word_1_171' title='bbox 120 2142 189 2186; x_wconf 78' lang='lat' dir='ltr'><strong>Distat</strong></span> <span class='ocrx_word' id='word_1_172' title='bbox 198 2140 255 2182; x_wconf 90' lang='lat' dir='ltr'><strong>idem</strong></span> <span class='ocrx_word' id='word_1_173' title='bbox 266 2138 447 2193; x_wconf 59' lang='lat' dir='ltr'><strong>terrm-finditque</strong></span> <span class='ocrx_word' id='word_1_174' title='bbox 456 2140 571 2195; x_wconf 78' lang='lat' dir='ltr'><strong>vaporibus</strong></span> <span class='ocrx_word' id='word_1_175' title='bbox 579 2154 638 2184; x_wconf 79' lang='lat' dir='ltr'><strong>arra.</strong></span> 
     </span>
    </p>
   </div>
   <div class='ocr_carea' id='block_1_4' title="bbox 0 0 838 2592">
    <p class='ocr_par' dir='ltr' id='par_1_16' title="bbox 0 0 838 2592">
     <span class='ocr_line' id='line_1_28' title="bbox 0 0 838 2592; baseline 0 2"><span class='ocrx_word' id='word_1_176' title='bbox 0 0 838 2592; x_wconf 95' lang='lat' dir='ltr'><strong> </strong></span> 
     </span>
    </p>
   </div>
  </div>
 </body>
</html>
