1667 2592
127 201 166 254 ψ
274 195 605 240 neranonraosaon
691 199 758 252 ηε.

122 289 239 346 Sanguine,
249 302 293 345 quo
304 287 366 332 tellus
375 287 417 330 late
426 286 546 330 madefacta
556 286 652 343 tepebat,

122 362 264 407 Conciderant
272 362 338 417 lapsi:
348 360 486 417 surgentibus
495 360 578 403 obstitit
586 360 653 413 ensis,

121 435 213 479 atterius
222 434 295 484 costis,
302 433 380 491 jugulo
390 432 516 476 Phorbantis
525 433 621 485 adactus.

122 514 149 553 at
157 523 202 551 non
211 507 324 551 Actoriden
333 506 433 557 Erithon,
442 506 477 549 cui
486 506 529 548 lata
539 505 637 562 bipennis

122 582 198 625 Telum
208 591 265 632 erat.
273 582 361 625 hamato
371 584 457 624 Perseus
466 580 519 637 petit
528 594 591 623 ense:
600 580 637 623 sed
646 578 694 623 altis

122 656 244 698 Exstantcm
253 654 329 710 signis.
338 653 455 709 multaeque
463 653 485 695 in
495 654 589 710 pondere
598 666 684 704 massae,

122 731 232 785 Ingentem
242 729 343 771 manibus
353 727 408 771 tollit
418 737 499 771 cratera
509 729 605 779 duahus;

121 802 252 859 lafregitque
262 803 320 845 viro:
330 801 420 845 rutilum
429 801 498 845 vomit
507 801 542 844 ille
551 815 662 854 cmorem,

121 876 147 918 Et
156 875 267 931 resupinus
275 875 368 917 humum
380 874 512 917 moribundo
520 873 599 917 vertice
607 873 686 929 pulsat.

121 948 173 990 inde
183 946 309 988 Semiramio
318 945 466 1002 Polydaemona
477 946 580 1001 sanguine
589 954 685 997 cretum,

120 1019 291 1074 Caucasiumque
299 1018 389 1068 Abarin,
399 1017 608 1074 Sperchionidenque
616 1020 731 1075 Lycetum,

119 1078 276 1146 intonsumque
285 1104 358 1133 comas
367 1089 455 1148 Elyma,
464 1090 624 1147 Phlogiumque,
633 1089 765 1149 Clytumque

118 1163 210 1219 Sternit;
220 1173 241 1206 et
249 1164 368 1206 adstrueres
378 1163 510 1206 morientum
519 1164 588 1207 calcat
595 1174 688 1207 acervos.

119 1238 164 1280 Nec
174 1236 264 1279 Phineus
273 1249 337 1278 ausus
346 1248 473 1278 concurrere
483 1235 582 1278 cominus
589 1236 658 1288 hosti,

119 1311 232 1365 intorquet
238 1308 338 1366 jaculum
349 1325 354 1350 :
364 1309 424 1363 quod
432 1307 510 1352 detulit
518 1321 577 1350 error
585 1308 608 1351 in
617 1309 682 1363 lden,

118 1384 232 1439 Expectem
241 1381 321 1424 frustra
330 1380 391 1432 helii,
400 1390 422 1423 et
431 1391 508 1424 neutra
517 1393 578 1424 arma
587 1390 694 1426 secutum

118 1456 156 1500 lile
166 1466 228 1499 tuens
237 1455 304 1498 oculis
314 1455 422 1498 immitem
431 1454 510 1498 Phinea
519 1455 596 1509 torvis,

119 1544 132 1568 e
138 1526 317 1587 Quandoquidem
325 1526 347 1568 in
354 1537 436 1582 partes,
444 1526 480 1577 ait,
488 1526 597 1579 adtrahor,
603 1527 683 1584 accipe,
690 1527 775 1573 Phineu

118 1603 189 1658 Quem
198 1601 265 1644 iecisti
275 1601 371 1650 hostem.
380 1614 489 1657 pensaque
499 1600 636 1645 hoc-vnlnere
645 1603 733 1647 volam.
740 1621 752 1643 e

117 1677 209 1730 Jamque
219 1674 345 1716 remissurus
355 1683 449 1716 tractum
459 1675 485 1717 de
494 1688 583 1730 corpore
593 1675 673 1729 telum,

118 1749 225 1805 Sanguine
234 1747 327 1790 defectos
336 1748 413 1790 cecidit
422 1748 528 1805 collapsus
537 1749 559 1790 in
569 1759 634 1807 artup.

147 1823 184 1864 liic
194 1834 291 1876 qnoque,
299 1821 426 1876 Cephenum
435 1830 483 1876 post
493 1834 563 1877 regem
573 1822 668 1877 primus,
678 1823 752 1867 Odites

116 1898 170 1940 Ense
176 1893 234 1951 jacet
242 1895 350 1951 Clymeni:
361 1898 474 1938 Protenora
484 1895 575 1951 perculit
584 1898 692 1953 Hypseus:

117 1971 198 2026 Hypsea
208 1967 314 2024 Lyncides.
324 1968 374 2011 Fuit
382 1978 403 2011 et
412 1971 536 2024 grandevus
548 1969 569 2010 in
580 1968 622 2010 iilis

116 2042 242 2090 Emathion,
251 2041 306 2097 aequi
315 2042 396 2092 cultor,
407 2042 538 2098 timidusque
547 2045 640 2085 Deorum
649 2058 654 2084 c

116 2117 186 2173 Quem
195 2115 297 2170 quoniam
308 2116 424 2171 prohibent
432 2117 483 2159 anni
493 2116 582 2165 heiiare.
592 2115 702 2171 loquendo

117 2191 209 2246 Pugnat,
218 2199 240 2233 et
248 2189 343 2241 incessit,
352 2189 495 2247 scelerataque
503 2191 592 2234 devovet
600 2203 663 2234 arma
