1667 2592
88 210 107 241 v.
121 214 174 244 aro.
339 203 438 246 LIBER
455 205 481 246 V.
687 205 725 257 ¹47

117 291 210 334 Poenitet
218 289 293 347 injusti
302 305 361 335 nuno
369 293 462 349 donique
470 293 548 336 Phinea
557 294 613 337 beili.

85 365 130 406 Sed
139 364 194 420 quid
203 370 264 421 agat?
272 365 390 409 Simulacra
398 367 456 409 videt
464 366 546 410 diversa
555 367 640 424 tiguris3

86 437 234 494 Agnoscitque
243 452 304 489 suos,
314 448 335 482 et
344 439 432 481 nomine
441 453 549 496 quemque
558 449 644 482 vocatos

83 511 158 554 Poscit
166 524 231 568 opem
239 527 244 552 ε
254 512 384 568 credensque
393 526 483 569 parum,
491 513 532 555 sibi
541 512 640 569 proxima
648 510 717 567 tangit

86 587 195 642 carpam
206 599 303 628 marmor
311 597 379 630 emnt.
389 587 505 638 Avertitur3
515 597 579 643 atque
587 587 616 630 ita
625 587 726 642 supplex,

86 658 245 715 confessasque
254 673 342 712 manus,
352 659 482 716 obliquaque
491 659 580 702 brachia
589 661 689 702 tendens:

88 749 101 771 «
109 730 194 782 Vincis,
204 732 245 782 ait,
255 735 344 774 Perseu:
356 746 441 775 remove
452 731 497 775 fera
506 741 613 783 monstra.
624 742 708 788 tuaque

87 805 192 848 Saxificos
201 804 285 857 vultus,
294 819 428 861 quaeeunque
437 820 473 859 ea,
483 806 533 850 tolle
542 807 641 849 Medusae.

86 877 159 928 Tolle,
169 891 251 934 precor.
260 878 309 920 Non
318 893 358 921 nos
368 879 454 929 odium,
464 879 548 936 regnive
557 880 636 936 cupido

87 950 200 1006 compulit
208 951 235 992 ad
245 950 326 993 beilum
335 968 340 993 :
350 965 389 1007 pro
399 951 447 1008 conj
451 966 491 1008 ugo
500 953 608 995 movimus
618 966 685 996 arma.

86 1025 158 1066 Causa
168 1021 210 1065 tuit
220 1023 301 1066 meritis
311 1023 387 1066 melior
396 1034 444 1081 tua,
455 1034 550 1081 tempore
560 1035 640 1068 nostra.

86 1098 138 1140 Non
147 1096 233 1140 cessisse
241 1097 305 1154 piget.
315 1098 385 1150 Nihil,
395 1114 408 1141 o
418 1099 544 1152 fortissime,
554 1105 631 1156 praet'er

86 1172 146 1213 Hanc
156 1169 252 1212 animam
262 1172 354 1213 concede
363 1171 416 1214 mihi
425 1189 429 1214 :
440 1181 478 1216 tua
487 1181 556 1215 cetera
565 1182 636 1214 sunto.
643 1190 654 1212 u

115 1243 175 1287 Talia
185 1242 275 1294 dicenti,
284 1257 353 1299 neque
362 1257 425 1294 eum,
435 1258 500 1299 quem
510 1258 560 1287 voce
571 1245 670 1299 rogabat,

85 1317 196 1373 Respicere
205 1315 304 1368 audenti,
314 1317 405 1372 «Quod,
414 1316 456 1367 ait,
465 1316 600 1359 timidissime
609 1315 700 1364 Phineu,

87 1394 113 1435 Et
122 1403 209 1448 possum
221 1389 330 1440 tribuisse,
340 1399 361 1432 et
370 1402 475 1445 magnum
485 1402 566 1431 munus
574 1388 638 1431 inerti
647 1397 678 1430 est

87 1462 158 1520 (Pone
167 1461 276 1517 metum),
286 1461 381 1503 tribuam
390 1479 395 1503 z
404 1460 465 1503 nulio
473 1460 580 1503 violabere
589 1459 652 1503 ferro.

87 1536 145 1595 Quin
154 1537 220 1579 etiam
229 1549 332 1578 mansum
340 1536 397 1578 dabo
406 1546 549 1579 monumento
558 1549 597 1592 per
604 1548 685 1587 rerum3

87 1613 154 1667 Inque
164 1610 229 1652 domo
238 1609 306 1652 soceri
316 1623 401 1665 semper
409 1610 531 1664 spectabere
540 1609 619 1662 nostri,

87 1687 115 1728 Ut
124 1697 172 1727 mea
181 1697 203 1726 se
212 1683 283 1740 sponsi
292 1682 372 1726 scietur
380 1683 474 1738 imagine
483 1682 587 1739 conjux.»

89 1756 155 1799 Dixit:
166 1765 188 1799 et
196 1755 219 1797 in
226 1764 311 1811 partem
320 1754 452 1811 Phorcynida
462 1755 570 1797 transtulit
578 1755 649 1807 iliam,

88 1833 118 1875 ad
127 1845 194 1888 quam
204 1844 226 1893 se
236 1829 317 1886 trepido
327 1829 417 1873 Phineus
427 1831 547 1873 obverterat
556 1843 599 1872 ore.

88 1907 148 1950 Tunc
157 1917 244 1960 quoque
252 1903 339 1953 conanti
349 1917 388 1945 sua
396 1903 480 1946 flectere
490 1903 573 1945 lumina
582 1903 652 1945 cervix

88 1979 188 2034 Diripuit,
198 1990 290 2032 saxoque
299 1977 413 2019 oculorum
423 1976 520 2020 induruit
530 1977 616 2018 humor.

88 2054 128 2096 Sed
138 2063 209 2095 tomen
219 2065 243 2093 os
253 2050 366 2099 timidum,
375 2050 490 2106 vultusque
497 2049 520 2090 in
531 2062 638 2090 marmore
647 2046 744 2103 supplex,

87 2125 243 2180 Submissteque
252 2137 341 2174 manus,
352 2123 458 2179 faciesque
467 2121 559 2163 obnoxiu
569 2121 654 2163 mansit.

114 2199 188 2242 Victor
197 2197 324 2240 Abantiades
332 2195 413 2252 patrios
423 2209 474 2237 cum
483 2192 574 2248 conjuge
584 2207 657 2236 muros
