1667 2592
86 166 129 219 udo
238 163 572 206 Mutluoaeuosrou
643 175 665 204 v.
681 163 734 206 18⁰.

83 254 184 308 Dumque
193 250 263 302 volut,
272 264 363 307 gemmae
372 251 455 293 subitos
466 259 580 293 vertuntur
588 248 611 292 iu
621 249 699 307 ignes:

84 325 252 381 Consistuntque
260 323 321 373 loco,
330 324 400 380 specie
409 332 535 365 remanente
544 325 646 373 Coronae,

85 398 127 456 Qui
137 398 222 440 medius
231 396 317 452 nixique
327 410 383 452 genu
392 405 435 447 est,
445 408 582 451 anguemque
592 394 696 438 tenende.

114 544 141 587 V.
152 546 255 586 linoltus
265 541 346 585 interea
355 541 587 597 nemausumque
596 554 690 597 perosus

83 616 200 668 Exsilium,
209 625 333 671 tractusque
342 615 381 657 soli
390 615 469 657 natalis
479 628 565 666 amore,

84 691 174 735 Clausus
184 700 229 734 erat
239 689 320 747 pelago.
331 704 344 727 u
349 691 366 731 'l
367 702 425 731 erras
434 688 494 738 licet,
503 687 586 743 inquit,
595 697 618 730 et
627 688 702 732 undas

84 766 198 815 obstruat,
207 773 231 806 at
240 762 319 806 coelum
328 771 385 804 certe
394 770 465 818 patet:
476 761 558 803 ibimus
567 760 625 804 illae.

84 838 163 881 Omnia
171 837 288 894 possideam
299 849 343 877 nou
353 833 447 891 possidet
456 847 506 875 aera
516 833 591 876 Minos.
598 850 611 873 »s

83 912 153 955 Dixit:
163 921 185 954 et
195 911 278 967 ignotas
286 911 388 953 animum
397 909 489 952 dimittit
497 909 520 951 in
530 918 597 958 artes,

82 981 234 1041 Naturamque
243 995 315 1027 novat.
327 986 382 1026 Nam
391 984 454 1039 ponit
463 984 485 1025 in
495 984 570 1025 ordine
580 997 678 1039 munes,

83 1062 100 1103 Δ
110 1060 202 1102 minima
212 1067 301 1114 sceptus,
310 1056 397 1112 longam
408 1058 505 1100 breviore
514 1057 622 1113 sequeuti3

73 1156 75 1161 ·
84 1136 112 1177 Ut
121 1133 176 1175 clivo
185 1132 274 1174 crevisse
283 1140 345 1188 putes
351 1147 359 1171 ⁷
366 1131 396 1173 sic
406 1131 486 1174 rustica
495 1132 607 1187 quondam

73 1206 164 1254 *Fistula
172 1205 293 1262 disparibus
302 1204 407 1261 paulatim
417 1205 487 1260 surgit
496 1205 575 1247 avenis.

84 1283 142 1324 Tum
151 1280 196 1324 lino
206 1280 298 1331 medias,
308 1289 329 1322 et
338 1278 391 1321 ceris
401 1278 482 1334 adligat
489 1278 553 1321 imas.

84 1357 153 1411 Atque
162 1354 191 1396 ita
201 1353 330 1409 compositas
339 1366 405 1409 parvo
414 1351 540 1395 curvamine
550 1351 628 1404 flectit,

79 1430 112 1471 ‹Ut
121 1440 180 1470 verns
189 1426 303 1469 imitentur
311 1438 365 1466 aves.
375 1426 431 1466 Puer
439 1426 511 1466 Icarus
521 1438 566 1466 una

1 1556 6 1565 ι
80 1503 172 1545 Stabat:
182 1510 214 1550 et,
224 1500 311 1556 ignarus
320 1513 360 1542 sus
369 1512 391 1541 se
402 1508 492 1542 tractare
502 1498 595 1555 pericla,

83 1577 124 1619 Ore
135 1572 252 1622 renidenti,
262 1573 327 1614 ruodo
336 1586 390 1627 quas
400 1585 452 1626 vaga
461 1581 558 1614 moverat
567 1585 636 1624 euru,

85 1646 190 1702 captabat
199 1643 297 1700 plumas:
308 1642 387 1685 flavam
397 1645 463 1686 modo
473 1643 549 1699 pollice
558 1657 632 1687 cetum

85 1718 296 1773 Mollibat;'lusuque
305 1731 345 1760 suo
355 1718 453 1760 mirabile
461 1719 531 1773 patris

84 1792 218 1850 Impediebat
227 1803 287 1846 opus.
297 1792 412 1844 Postquam
423 1804 501 1832 manus
511 1790 588 1833 ultima
597 1793 673 1849 ereptis

85 1866 188 1924 lmposita
197 1873 240 1915 est,
250 1862 345 1919 qeminas
354 1862 426 1918 opifex
436 1864 521 1906 libravit
529 1865 552 1906 in
562 1865 607 1906 alas

85 1943 132 1997 lpse
141 1951 207 1981 suum
216 1950 304 1991 corpus,
315 1944 416 1991 motaque
427 1935 528 1991 pependit
536 1936 560 1978 in
568 1949 629 1979 aure.

87 2013 177 2056 iustruit
185 2021 207 2053 et
215 2019 303 2059 natum,
314 2024 326 2046 u
333 2008 445 2063 Medioque
455 2018 479 2050 ut
488 2008 556 2051 limite
565 2023 652 2064 curras,

87 2090 156 2137 lcare,
166 2086 207 2136 ait,
218 2097 309 2126 moneo:
319 2096 357 2135 ue,
366 2084 384 2124 si
394 2072 507 2125 demissior
516 2083 569 2133 ibis,
642 2090 648 2096 ·

87 2162 148 2205 Unda
157 2168 230 2218 gravet
238 2172 330 2215 penuas;
339 2158 357 2200 si
366 2157 449 2211 celsior,
458 2157 512 2215 iguis
521 2159 606 2205 aduret.
