1667 2592
80 183 160 236 144Δ
232 177 566 223 ΜΕΤΑΜΟΒΡΗΟΗΟΝ
641 177 727 219 madi·

78 272 106 313 Et
114 278 163 312 seta
171 269 243 312 densis
252 268 333 311 similet
342 266 457 310 hastilibus
466 266 567 313 horreum

81 342 201 398 (stantque
210 341 269 385 velut
277 340 371 389 vallum,
381 338 493 382 relntalta
502 337 589 381 hastilia
597 337 672 395 setar.)

80 416 169 459 Fervida
177 430 229 459 eum
239 429 306 468 rauco
315 414 371 457 latos
379 413 472 456 stridore
481 426 520 469 per
529 426 604 455 armos

81 490 163 545 Spuma
172 488 234 531 lluit:
244 488 318 531 dentes
328 496 444 543 aquantur
452 486 555 529 dentibus
563 486 631 528 indis.

82 561 175 604 Fulmen
183 562 211 604 ab
221 575 258 603 ore
268 561 336 611 renit;
347 558 436 602 frondes
444 559 562 602 adflatibus
571 560 659 603 ardent.

83 635 103 676 ls
110 633 176 676 modo
184 633 288 676 crescenti
296 642 378 690 segetes
386 631 499 688 proculcat
508 631 530 673 in
539 631 620 673 herba:

84 708 151 750 Nunc
160 717 247 750 matura
255 707 318 750 metit
327 706 399 749 fleturi
408 716 460 748 rota
467 704 551 756 coloni,

83 781 110 823 Et
118 781 217 823 Cererem
226 780 249 822 iu
259 780 323 836 spicis
330 779 448 834 intercipit.
457 781 511 821 Area
521 777 615 829 frustra,

85 854 112 896 Et
122 851 202 894 frustra
211 862 334 909 exspectant
342 851 459 908 promissas
469 851 546 893 horrea
556 865 644 894 messes.

86 928 217 970 Sternuntur
225 925 308 982 gravidi
316 925 382 980 longo
391 939 443 967 cum
452 924 541 981 palmite
551 924 622 975 letus,

87 999 196 1052 Baccaque
206 1011 257 1039 cum
267 997 334 1038 rarnis
342 1010 429 1052 semper
438 996 557 1040 frondentis
566 996 636 1054 olive.

88 1070 150 1113 Saevit
158 1078 180 1112 et
189 1069 211 1112 iu
221 1070 313 1125 pecudes
322 1086 326 1110 :
336 1069 431 1113 northus
440 1079 538 1125 pastorve
548 1083 653 1124 canesve,

90 1145 140 1186 Non
149 1154 248 1185 armenta
258 1152 328 1185 truces
337 1152 429 1198 possunt
438 1141 552 1187 defendere
561 1144 628 1213 teupi.

119 1294 175 1336 Vlll.
184 1295 320 1337 Drrruorurrr
329 1293 415 1349 populi3
426 1308 465 1336 nec
474 1308 508 1345 se,
518 1294 560 1337 uisi
570 1295 685 1340 moenibus
692 1298 762 1350 urbis,

91 1369 139 1417 Esse
148 1376 227 1423 putant
237 1376 306 1410 tutos:
317 1354 387 1409 donni
396 1367 523 1423 Meleagros,
533 1377 554 1410 et
563 1382 607 1411 una
660 1352 663 1358 ⁵

91 1442 154 1484 Lecta
164 1453 242 1482 manus
247 1440 356 1496 juvenum
365 1440 435 1482 coiere
444 1442 545 1497 cupidine
553 1441 631 1486 laudis.

92 1513 218 1571 Tyndaridae
228 1513 319 1569 gemini,
329 1523 438 1570 spectatus
446 1514 545 1557 metibus
555 1514 620 1568 alter,
654 1536 656 1539 ·

93 1586 152 1630 Alter
160 1598 227 1641 equo;
237 1586 354 1642 primosque
364 1586 416 1628 ratis
428 1586 517 1629 molitor
525 1589 601 1640 Iason,

94 1662 180 1703 Etcum
189 1657 606 1711 Pirithoo,ielixconcordia‚Thesens,
718 1699 721 1703 .

94 1735 120 1777 Et
128 1733 173 1776 duo
182 1731 310 1781 Tumuada,
320 1732 434 1788 prolesque
442 1733 547 1789 Aphareia
556 1735 666 1790 Lynceus,
713 1719 718 1724 ⁸

95 1810 122 1853 Et
132 1806 192 1850 velox
201 1806 259 1855 ldas,
268 1805 345 1862 etjam
353 1819 398 1848 non
408 1805 491 1850 lemina
499 1808 598 1857 caeneus;

95 1880 257 1937 Leucippusque
266 1877 337 1931 ferox,
343 1877 462 1935 jaculoque
471 1880 560 1936 insignis
568 1887 669 1933 acastus,

96 1955 282 2012 llippothoosque,
291 1954 409 2011 Dryasque,
420 1962 442 1995 et
450 1962 521 1995 cretus
530 1957 647 2009 Amyntore
656 1954 759 2011 rhoenia,

71 2075 77 2084 ¹
97 2028 243 2082 Actoridaeque
252 2039 324 2083 pares,
333 2034 355 2069 et
363 2025 442 2067 missus
451 2027 480 2067 ab
489 2025 546 2070 Elide
554 2025 652 2083 Phyleus.

98 2103 144 2144 Nec
152 2099 256 2142 Telamon
265 2100 350 2150 aberat,
360 2097 476 2155 magnique
484 2109 569 2142 creator
577 2099 675 2143 Achillis:
690 2113 697 2127 ¹

99 2173 199 2228 Cumque
208 2171 330 2216 Pheretiade
339 2180 362 2216 et
370 2173 465 2229 Hyanteo
476 2170 534 2215 loiao
