1667 2592
117 183 157 236 146
266 184 595 228 Muttotonrflosnort
666 201 686 228 v.
702 189 752 231 183.

114 270 208 319 Mittere,
218 272 241 313 in
250 271 291 313 hoc
300 272 361 315 hesit
369 271 456 328 signnm
463 274 490 315 de
499 286 609 316 marmore
617 283 686 329 gestu.

113 344 224 387 Proximus
233 345 284 388 hnic
294 348 376 402 Ampyx
384 346 452 388 animi
461 345 584 403 plenissima
593 348 668 403 magni

113 417 199 459 Pectora
208 419 305 476 Lyncidae
314 418 384 474 gladio
393 419 457 475 petit;
466 419 532 475 inque
540 421 633 476 petendo

114 491 202 534 Dextera
211 493 310 549 diriguit,
320 507 358 536 nec
368 494 422 536 citra
432 505 502 545 mota,
512 507 551 536 nec
561 494 624 537 ultra.

112 566 140 609 ts
150 566 233 618 Nileus,
241 568 279 623 qui
288 582 311 610 se
319 567 416 624 genitum
425 567 561 624 septemplice
571 567 620 610 Nilo

114 640 234 683 Ementitns
244 650 301 692 erat,
309 640 383 699 clypeo
392 655 479 697 quoqne
488 640 580 684 numina
589 651 671 696 septem

114 715 206 769 argento
215 714 306 769 partim,
315 714 394 770 partim
402 713 513 757 calaverst
522 728 587 765 auro,

116 786 233 842 «Adspice,
242 787 283 837 ait.
292 790 379 840 Persen,
389 797 468 830 nostre
477 787 596 843 primordia
606 786 688 842 gentis:

114 861 192 916 Magna
202 860 255 903 feres
265 861 337 904 tacitas
347 861 423 905 solatia
433 861 508 903 mortis
516 862 544 904 ad
553 862 655 911 umbras,

113 935 131 976 t
140 942 199 975 tanto
209 933 307 976 cecidisse
316 934 368 976 viro.
376 951 387 972 n
397 937 446 977 Pars
455 934 533 976 ultima
542 933 598 977 vocis

114 1008 138 1048 ln
148 1007 220 1048 medio
229 1021 341 1063 suppressa
350 1021 403 1050 sono
412 1017 454 1058 est;
464 1008 607 1063 adapertaque
616 1005 670 1049 velle

113 1081 154 1123 Ora
164 1079 223 1134 ioqui
233 1081 316 1129 credas3
327 1094 365 1122 nec
373 1090 425 1123 sunt
434 1094 459 1121 ea
468 1079 540 1136 pervia
549 1080 624 1122 verbis.

112 1155 211 1207 Increpat
220 1151 270 1202 bos,
280 1170 292 1191 a
299 1152 398 1207 Vitioqne
407 1151 486 1201 animi,
496 1155 540 1194 nori
550 1150 656 1202 crinibus,
666 1150 751 1207 inquit,

112 1225 228 1282 Gorgoneis
237 1226 336 1282 torpetis,
346 1228 411 1283 Eryx:
422 1225 524 1268 incurrite
533 1238 632 1276 mecum,

112 1302 138 1343 Et
147 1299 273 1355 prosternite
282 1299 344 1341 hnmi
351 1298 455 1355 juvenem
465 1298 549 1354 magica
558 1311 619 1341 arma
627 1308 776 1341 moventem.»

111 1375 240 1414 lncnrsnrns
248 1382 304 1422 erat;
313 1372 383 1415 tenuit
391 1371 478 1427 vestigia
488 1371 550 1414 tellus
558 1387 563 1413 t

111 1448 261 1500 immotusque
269 1445 331 1497 silex,
340 1455 466 1501 armataque
476 1444 556 1486 mansit
564 1444 643 1499 imago.

141 1517 165 1558 iii
176 1526 248 1559 tamen
257 1531 282 1559 er
292 1517 368 1561 merito
377 1530 463 1572 poeoam
472 1516 567 1566 subierc3
577 1516 614 1558 sed
623 1529 681 1559 unns

113 1589 173 1633 Miles
182 1599 228 1632 erat
237 1589 315 1638 Persei,
324 1603 363 1646 pro
373 1604 416 1644 qno
426 1590 479 1632 dnm
488 1598 580 1645 pugnat,
590 1590 708 1642 Aconteus,

112 1665 210 1719 Gorgone
219 1672 342 1718 conspecta.
352 1676 402 1705 saxo
411 1662 519 1705 concrevit
528 1662 612 1704 oborto.

112 1740 182 1795 Quem
194 1746 252 1779 ratus
260 1739 358 1793 Astyages
366 1736 486 1779 etiamnum
497 1736 576 1787 vivere,
585 1735 650 1791 longo

112 1814 166 1855 Ense
176 1811 237 1853 ferit:
246 1811 319 1854 sonuit
329 1811 441 1854 tinnitibus
450 1810 506 1853 ensis
514 1810 589 1852 acutis.

111 1888 168 1929 Dum
177 1894 248 1940 stupet
257 1887 367 1941 Astyages,
376 1893 477 1926 naturam
487 1883 551 1926 traxit
559 1883 671 1925 eamdem:

110 1962 274 2014 Marmoreoqne
284 1968 357 2002 manet
365 1958 437 2001 vuitus
446 1957 543 2000 mirantis
552 1957 575 1999 in
584 1970 627 1999 ore.

111 2033 206 2076 Nomina
215 2032 278 2087 longa
287 2045 349 2075 mora
357 2042 389 2074 est
398 2031 469 2073 media
478 2032 504 2072 de
513 2030 574 2087 plebe
583 2030 679 2073 virorum

112 2106 191 2148 Dicere.
200 2106 233 2148 Bis
242 2115 329 2148 centnm
340 2105 449 2148 restabant
458 2116 547 2160 corpora
556 2116 632 2159 pugne
641 2120 646 2145 :
684 2124 693 2135 =

112 2180 209 2234 Gorgone
218 2179 251 2222 bis
260 2188 348 2222 centum
358 2179 469 2235 riguerunt
477 2189 567 2232 corpora
577 2176 627 2218 visa.
