<?xml version="1.0" encoding="UTF-8"?>
<!DOCTYPE html PUBLIC "-//W3C//DTD XHTML 1.0 Transitional//EN"
    "http://www.w3.org/TR/xhtml1/DTD/xhtml1-transitional.dtd">
<html xmlns="http://www.w3.org/1999/xhtml" xml:lang="en" lang="en">
 <head>
  <title>
</title>
<meta http-equiv="Content-Type" content="text/html;charset=utf-8" />
  <meta name='ocr-system' content='tesseract 3.04.00' />
  <meta name='ocr-capabilities' content='ocr_page ocr_carea ocr_par ocr_line ocrx_word'/>
</head>
<body>
  <div class='ocr_page' id='page_1' title='image "./opera00accugoog/opera00accugoog_0150.png"; bbox 0 0 1667 2592; ppageno 0'>
   <div class='ocr_carea' id='block_1_1' title="bbox 121 188 753 251">
    <p class='ocr_par' dir='ltr' id='par_1_1' title="bbox 121 188 753 251">
     <span class='ocr_line' id='line_1_1' title="bbox 121 188 753 251; baseline 0.002 -21"><span class='ocrx_word' id='word_1_1' title='bbox 121 192 161 243; x_wconf 73' lang='lat'>¹4⁰</span> <span class='ocrx_word' id='word_1_2' title='bbox 262 188 597 251; x_wconf 11' lang='lat' dir='ltr'>‘Murlmoarnosuon</span> <span class='ocrx_word' id='word_1_3' title='bbox 684 204 704 232; x_wconf 80' lang='lat' dir='ltr'>v.</span> <span class='ocrx_word' id='word_1_4' title='bbox 717 205 753 232; x_wconf 81' lang='lat'>22.</span> 
     </span>
    </p>
   </div>
   <div class='ocr_carea' id='block_1_2' title="bbox 117 276 787 2241">
    <p class='ocr_par' dir='ltr' id='par_1_2' title="bbox 117 276 751 550">
     <span class='ocr_line' id='line_1_2' title="bbox 117 276 751 334; baseline 0.002 -15"><span class='ocrx_word' id='word_1_5' title='bbox 117 276 201 320; x_wconf 85' lang='lat' dir='ltr'>Scilicet</span> <span class='ocrx_word' id='word_1_6' title='bbox 209 277 267 319; x_wconf 85' lang='lat' dir='ltr'>haud</span> <span class='ocrx_word' id='word_1_7' title='bbox 276 278 327 320; x_wconf 77' lang='lat' dir='ltr'>sotis</span> <span class='ocrx_word' id='word_1_8' title='bbox 336 286 379 327; x_wconf 86' lang='lat' dir='ltr'>est,</span> <span class='ocrx_word' id='word_1_9' title='bbox 387 279 447 333; x_wconf 89' lang='lat' dir='ltr'>quod</span> <span class='ocrx_word' id='word_1_10' title='bbox 456 288 476 320; x_wconf 90' lang='lat' dir='ltr'>te</span> <span class='ocrx_word' id='word_1_11' title='bbox 485 287 593 334; x_wconf 81' lang='lat' dir='ltr'>spectante</span> <span class='ocrx_word' id='word_1_12' title='bbox 603 277 698 320; x_wconf 82' lang='lat' dir='ltr'>revincta</span> <span class='ocrx_word' id='word_1_13' title='bbox 707 287 751 329; x_wconf 59' lang='lat' dir='ltr'>esu</span> 
     </span>
     <span class='ocr_line' id='line_1_3' title="bbox 117 350 687 406; baseline 0 -13"><span class='ocrx_word' id='word_1_14' title='bbox 117 351 144 393; x_wconf 79' lang='lat' dir='ltr'>lit</span> <span class='ocrx_word' id='word_1_15' title='bbox 153 350 235 392; x_wconf 90' lang='lat' dir='ltr'>nullam</span> <span class='ocrx_word' id='word_1_16' title='bbox 243 351 302 406; x_wconf 88' lang='lat' dir='ltr'>quod</span> <span class='ocrx_word' id='word_1_17' title='bbox 310 363 374 406; x_wconf 89' lang='lat' dir='ltr'>opem</span> <span class='ocrx_word' id='word_1_18' title='bbox 383 361 473 405; x_wconf 84' lang='lat' dir='ltr'>patruus</span> <span class='ocrx_word' id='word_1_19' title='bbox 481 365 597 406; x_wconf 81' lang='lat' dir='ltr'>sponsusve</span> <span class='ocrx_word' id='word_1_20' title='bbox 607 350 674 393; x_wconf 81' lang='lat' dir='ltr'>tulisti</span> <span class='ocrx_word' id='word_1_21' title='bbox 682 368 687 393; x_wconf 91' lang='lat'>:</span> 
     </span>
     <span class='ocr_line' id='line_1_4' title="bbox 117 422 707 479; baseline -0.003 -14"><span class='ocrx_word' id='word_1_22' title='bbox 117 425 217 479; x_wconf 84' lang='lat' dir='ltr'>Insuper,</span> <span class='ocrx_word' id='word_1_23' title='bbox 227 437 240 464; x_wconf 90' lang='lat' dir='ltr'>a</span> <span class='ocrx_word' id='word_1_24' title='bbox 248 437 359 479; x_wconf 88' lang='lat' dir='ltr'>quoquam</span> <span class='ocrx_word' id='word_1_25' title='bbox 368 424 428 477; x_wconf 91' lang='lat' dir='ltr'>quod</span> <span class='ocrx_word' id='word_1_26' title='bbox 437 423 466 466; x_wconf 85' lang='lat' dir='ltr'>sit</span> <span class='ocrx_word' id='word_1_27' title='bbox 474 434 568 473; x_wconf 74' lang='lat' dir='ltr'>sertata,</span> <span class='ocrx_word' id='word_1_28' title='bbox 577 422 670 464; x_wconf 82' lang='lat' dir='ltr'>dolebis!</span> <span class='ocrx_word' id='word_1_29' title='bbox 702 463 707 471; x_wconf 78' lang='grc'><strong>,</strong></span> 
     </span>
     <span class='ocr_line' id='line_1_5' title="bbox 117 494 685 550; baseline -0.004 -13"><span class='ocrx_word' id='word_1_30' title='bbox 117 495 249 550; x_wconf 83' lang='lat' dir='ltr'>Praerniaque</span> <span class='ocrx_word' id='word_1_31' title='bbox 258 495 343 550; x_wconf 80' lang='lat' dir='ltr'>eripies!</span> <span class='ocrx_word' id='word_1_32' title='bbox 353 509 400 550; x_wconf 73' lang='lat' dir='ltr'>que</span> <span class='ocrx_word' id='word_1_33' title='bbox 409 495 427 536; x_wconf 89' lang='lat' dir='ltr'>si</span> <span class='ocrx_word' id='word_1_34' title='bbox 437 494 476 537; x_wconf 90' lang='lat' dir='ltr'>tihi</span> <span class='ocrx_word' id='word_1_35' title='bbox 486 508 564 550; x_wconf 72' lang='lat' dir='ltr'>magua</span> <span class='ocrx_word' id='word_1_36' title='bbox 573 495 685 546; x_wconf 62' lang='lat' dir='ltr'>videntum</span> 
     </span>
    </p>

    <p class='ocr_par' dir='ltr' id='par_1_3' title="bbox 118 568 625 624">
     <span class='ocr_line' id='line_1_6' title="bbox 118 568 625 624; baseline -0.004 -14"><span class='ocrx_word' id='word_1_37' title='bbox 118 570 148 610; x_wconf 83' lang='lat' dir='ltr'>Ex</span> <span class='ocrx_word' id='word_1_38' title='bbox 156 568 197 610; x_wconf 90' lang='lat' dir='ltr'>illis</span> <span class='ocrx_word' id='word_1_39' title='bbox 206 568 309 624; x_wconf 79' lang='lat' dir='ltr'>seopulis,</span> <span class='ocrx_word' id='word_1_40' title='bbox 319 568 356 610; x_wconf 89' lang='lat' dir='ltr'>ubi</span> <span class='ocrx_word' id='word_1_41' title='bbox 366 579 428 611; x_wconf 89' lang='lat' dir='ltr'>erant</span> <span class='ocrx_word' id='word_1_42' title='bbox 436 568 517 617; x_wconf 77' lang='lat' dir='ltr'>adfixa,</span> <span class='ocrx_word' id='word_1_43' title='bbox 527 568 625 623; x_wconf 83' lang='lat' dir='ltr'>petisses:</span> 
     </span>
    </p>

    <p class='ocr_par' dir='ltr' id='par_1_4' title="bbox 118 643 784 773">
     <span class='ocr_line' id='line_1_7' title="bbox 118 643 784 701; baseline 0 -16"><span class='ocrx_word' id='word_1_44' title='bbox 118 644 182 685; x_wconf 85' lang='lat' dir='ltr'>Nune</span> <span class='ocrx_word' id='word_1_45' title='bbox 191 643 248 694; x_wconf 85' lang='lat' dir='ltr'>sine,</span> <span class='ocrx_word' id='word_1_46' title='bbox 257 643 293 698; x_wconf 89' lang='lat' dir='ltr'>qui</span> <span class='ocrx_word' id='word_1_47' title='bbox 303 643 375 698; x_wconf 85' lang='lat' dir='ltr'>petiit,</span> <span class='ocrx_word' id='word_1_48' title='bbox 384 657 423 698; x_wconf 89' lang='lat' dir='ltr'>per</span> <span class='ocrx_word' id='word_1_49' title='bbox 431 656 497 698; x_wconf 86' lang='lat' dir='ltr'>quem</span> <span class='ocrx_word' id='word_1_50' title='bbox 506 643 550 685; x_wconf 78' lang='lat' dir='ltr'>haec</span> <span class='ocrx_word' id='word_1_51' title='bbox 560 656 605 684; x_wconf 92' lang='lat' dir='ltr'>non</span> <span class='ocrx_word' id='word_1_52' title='bbox 614 643 668 683; x_wconf 85' lang='lat' dir='ltr'>orbe</span> <span class='ocrx_word' id='word_1_53' title='bbox 675 652 784 701; x_wconf 84' lang='lat' dir='ltr'>senectus,</span> 
     </span>
     <span class='ocr_line' id='line_1_8' title="bbox 118 716 714 773; baseline -0.002 -15"><span class='ocrx_word' id='word_1_54' title='bbox 118 718 192 768; x_wconf 83' lang='lat' dir='ltr'>Ferre,</span> <span class='ocrx_word' id='word_1_55' title='bbox 201 717 260 773; x_wconf 88' lang='lat' dir='ltr'>quod</span> <span class='ocrx_word' id='word_1_56' title='bbox 269 726 291 759; x_wconf 93' lang='lat' dir='ltr'>et</span> <span class='ocrx_word' id='word_1_57' title='bbox 300 716 381 758; x_wconf 90' lang='lat' dir='ltr'>meritis</span> <span class='ocrx_word' id='word_1_58' title='bbox 390 726 412 758; x_wconf 80' lang='lat' dir='ltr'>et</span> <span class='ocrx_word' id='word_1_59' title='bbox 421 730 471 758; x_wconf 83' lang='lat' dir='ltr'>voce</span> <span class='ocrx_word' id='word_1_60' title='bbox 481 725 512 758; x_wconf 84' lang='lat' dir='ltr'>est</span> <span class='ocrx_word' id='word_1_61' title='bbox 520 725 609 771; x_wconf 86' lang='lat' dir='ltr'>pactus:</span> <span class='ocrx_word' id='word_1_62' title='bbox 619 728 714 770; x_wconf 88' lang='lat' dir='ltr'>eumque</span> 
     </span>
    </p>

    <p class='ocr_par' dir='ltr' id='par_1_5' title="bbox 119 782 672 847">
     <span class='ocr_line' id='line_1_9' title="bbox 119 782 672 847; baseline -0.007 -14"><span class='ocrx_word' id='word_1_63' title='bbox 119 792 169 832; x_wconf 85' lang='lat' dir='ltr'>Non</span> <span class='ocrx_word' id='word_1_64' title='bbox 178 791 229 841; x_wconf 81' lang='lat' dir='ltr'>tibi,</span> <span class='ocrx_word' id='word_1_65' title='bbox 238 791 274 833; x_wconf 90' lang='lat' dir='ltr'>sed</span> <span class='ocrx_word' id='word_1_66' title='bbox 285 801 346 833; x_wconf 72' lang='lat' dir='ltr'>certa</span> <span class='ocrx_word' id='word_1_67' title='bbox 355 782 469 847; x_wconf 65' lang='lat' dir='ltr'>prelatum</span> <span class='ocrx_word' id='word_1_68' title='bbox 478 789 571 845; x_wconf 75' lang='lat' dir='ltr'>intellige</span> <span class='ocrx_word' id='word_1_69' title='bbox 581 789 672 831; x_wconf 79' lang='lat' dir='ltr'>morti.»</span> 
     </span>
    </p>

    <p class='ocr_par' dir='ltr' id='par_1_6' title="bbox 119 863 687 1140">
     <span class='ocr_line' id='line_1_10' title="bbox 146 863 683 929; baseline 0 -23"><span class='ocrx_word' id='word_1_70' title='bbox 146 865 184 929; x_wconf 79' lang='lat' dir='ltr'>Ille</span> <span class='ocrx_word' id='word_1_71' title='bbox 194 865 247 907; x_wconf 88' lang='lat' dir='ltr'>nihil</span> <span class='ocrx_word' id='word_1_72' title='bbox 257 875 344 908; x_wconf 85' lang='lat' dir='ltr'>contra:</span> <span class='ocrx_word' id='word_1_73' title='bbox 354 866 391 907; x_wconf 88' lang='lat' dir='ltr'>sed</span> <span class='ocrx_word' id='word_1_74' title='bbox 399 874 422 907; x_wconf 89' lang='lat' dir='ltr'>et</span> <span class='ocrx_word' id='word_1_75' title='bbox 430 865 499 913; x_wconf 75' lang='lat' dir='ltr'>hunc.</span> <span class='ocrx_word' id='word_1_76' title='bbox 509 874 530 907; x_wconf 88' lang='lat' dir='ltr'>et</span> <span class='ocrx_word' id='word_1_77' title='bbox 538 866 612 906; x_wconf 87' lang='lat' dir='ltr'>Persea</span> <span class='ocrx_word' id='word_1_78' title='bbox 620 863 683 906; x_wconf 88' lang='lat' dir='ltr'>vultu</span> 
     </span>
     <span class='ocr_line' id='line_1_11' title="bbox 119 934 683 992; baseline -0.007 -13"><span class='ocrx_word' id='word_1_79' title='bbox 119 936 206 980; x_wconf 76' lang='lat' dir='ltr'>Alterno</span> <span class='ocrx_word' id='word_1_80' title='bbox 214 947 322 992; x_wconf 76' lang='lat' dir='ltr'>spectans,</span> <span class='ocrx_word' id='word_1_81' title='bbox 332 946 392 992; x_wconf 85' lang='lat' dir='ltr'>petat</span> <span class='ocrx_word' id='word_1_82' title='bbox 400 936 459 978; x_wconf 86' lang='lat' dir='ltr'>hune</span> <span class='ocrx_word' id='word_1_83' title='bbox 470 936 566 991; x_wconf 72' lang='lat' dir='ltr'>ignorat,</span> <span class='ocrx_word' id='word_1_84' title='bbox 575 949 604 976; x_wconf 90' lang='lat' dir='ltr'>an</span> <span class='ocrx_word' id='word_1_85' title='bbox 613 934 683 976; x_wconf 87' lang='lat' dir='ltr'>illum.</span> 
     </span>
     <span class='ocr_line' id='line_1_12' title="bbox 119 1009 687 1065; baseline -0.005 -12"><span class='ocrx_word' id='word_1_86' title='bbox 119 1014 280 1065; x_wconf 77' lang='lat' dir='ltr'>cunctatusque</span> <span class='ocrx_word' id='word_1_87' title='bbox 289 1010 357 1062; x_wconf 81' lang='lat' dir='ltr'>brevi,</span> <span class='ocrx_word' id='word_1_88' title='bbox 369 1020 491 1052; x_wconf 84' lang='lat' dir='ltr'>contortam</span> <span class='ocrx_word' id='word_1_89' title='bbox 500 1010 581 1051; x_wconf 83' lang='lat' dir='ltr'>viribus</span> <span class='ocrx_word' id='word_1_90' title='bbox 590 1009 687 1059; x_wconf 79' lang='lat' dir='ltr'>hastam,</span> 
     </span>
     <span class='ocr_line' id='line_1_13' title="bbox 120 1083 687 1140; baseline -0.005 -13"><span class='ocrx_word' id='word_1_91' title='bbox 120 1086 215 1140; x_wconf 79' lang='lat' dir='ltr'>Quantas</span> <span class='ocrx_word' id='word_1_92' title='bbox 224 1084 256 1125; x_wconf 88' lang='lat' dir='ltr'>ira</span> <span class='ocrx_word' id='word_1_93' title='bbox 265 1085 340 1133; x_wconf 82' lang='lat' dir='ltr'>dabat,</span> <span class='ocrx_word' id='word_1_94' title='bbox 350 1084 497 1139; x_wconf 82' lang='lat' dir='ltr'>nequidquam</span> <span class='ocrx_word' id='word_1_95' title='bbox 507 1083 530 1125; x_wconf 92' lang='lat' dir='ltr'>in</span> <span class='ocrx_word' id='word_1_96' title='bbox 538 1086 612 1125; x_wconf 87' lang='lat' dir='ltr'>Persea</span> <span class='ocrx_word' id='word_1_97' title='bbox 621 1083 687 1125; x_wconf 85' lang='lat' dir='ltr'>misit.</span> 
     </span>
    </p>

    <p class='ocr_par' dir='ltr' id='par_1_7' title="bbox 121 1156 662 1212">
     <span class='ocr_line' id='line_1_14' title="bbox 121 1156 662 1212; baseline -0.004 -12"><span class='ocrx_word' id='word_1_98' title='bbox 121 1159 149 1200; x_wconf 90' lang='lat' dir='ltr'>Ut</span> <span class='ocrx_word' id='word_1_99' title='bbox 157 1157 214 1200; x_wconf 80' lang='lat' dir='ltr'>stetit</span> <span class='ocrx_word' id='word_1_100' title='bbox 223 1157 259 1200; x_wconf 84' lang='lat' dir='ltr'>illa</span> <span class='ocrx_word' id='word_1_101' title='bbox 269 1167 328 1205; x_wconf 86' lang='lat' dir='ltr'>toro,</span> <span class='ocrx_word' id='word_1_102' title='bbox 337 1156 408 1199; x_wconf 86' lang='lat' dir='ltr'>stratis</span> <span class='ocrx_word' id='word_1_103' title='bbox 417 1167 465 1199; x_wconf 87' lang='lat' dir='ltr'>tum</span> <span class='ocrx_word' id='word_1_104' title='bbox 475 1157 567 1212; x_wconf 89' lang='lat' dir='ltr'>denique</span> <span class='ocrx_word' id='word_1_105' title='bbox 575 1159 662 1198; x_wconf 85' lang='lat' dir='ltr'>Perseus</span> 
     </span>
    </p>

    <p class='ocr_par' dir='ltr' id='par_1_8' title="bbox 120 1230 580 1288">
     <span class='ocr_line' id='line_1_15' title="bbox 120 1230 580 1288; baseline -0.007 -13"><span class='ocrx_word' id='word_1_106' title='bbox 120 1233 221 1276; x_wconf 81' lang='lat' dir='ltr'>Exsiluit:</span> <span class='ocrx_word' id='word_1_107' title='bbox 231 1232 316 1288; x_wconf 81' lang='lat' dir='ltr'>teloque</span> <span class='ocrx_word' id='word_1_108' title='bbox 325 1231 383 1274; x_wconf 74' lang='lat' dir='ltr'>ferox</span> <span class='ocrx_word' id='word_1_109' title='bbox 393 1230 482 1273; x_wconf 86' lang='lat' dir='ltr'>inimica</span> <span class='ocrx_word' id='word_1_110' title='bbox 491 1231 580 1273; x_wconf 90' lang='lat' dir='ltr'>remisso</span> 
     </span>
    </p>

    <p class='ocr_par' dir='ltr' id='par_1_9' title="bbox 120 1304 612 1360">
     <span class='ocr_line' id='line_1_16' title="bbox 120 1304 612 1360; baseline 0 -14"><span class='ocrx_word' id='word_1_111' title='bbox 120 1306 209 1348; x_wconf 83' lang='lat' dir='ltr'>Pectora</span> <span class='ocrx_word' id='word_1_112' title='bbox 218 1305 320 1360; x_wconf 82' lang='lat' dir='ltr'>rupisset,</span> <span class='ocrx_word' id='word_1_113' title='bbox 329 1304 370 1346; x_wconf 88' lang='lat' dir='ltr'>nisi</span> <span class='ocrx_word' id='word_1_114' title='bbox 379 1314 428 1360; x_wconf 87' lang='lat' dir='ltr'>post</span> <span class='ocrx_word' id='word_1_115' title='bbox 437 1304 512 1347; x_wconf 87' lang='lat' dir='ltr'>altaria</span> <span class='ocrx_word' id='word_1_116' title='bbox 520 1304 612 1346; x_wconf 81' lang='lat' dir='ltr'>Phineus</span> 
     </span>
    </p>

    <p class='ocr_par' dir='ltr' id='par_1_10' title="bbox 120 1376 633 1435">
     <span class='ocr_line' id='line_1_17' title="bbox 120 1376 633 1435; baseline -0.008 -13"><span class='ocrx_word' id='word_1_117' title='bbox 120 1381 183 1433; x_wconf 87' lang='lat' dir='ltr'>Isset;</span> <span class='ocrx_word' id='word_1_118' title='bbox 194 1390 215 1422; x_wconf 86' lang='lat' dir='ltr'>et</span> <span class='ocrx_word' id='word_1_119' title='bbox 225 1378 378 1435; x_wconf 76' lang='lat' dir='ltr'>(indignumll</span> <span class='ocrx_word' id='word_1_120' title='bbox 387 1377 489 1420; x_wconf 87' lang='lat' dir='ltr'>scelerato</span> <span class='ocrx_word' id='word_1_121' title='bbox 498 1376 580 1433; x_wconf 83' lang='lat' dir='ltr'>proluit</span> <span class='ocrx_word' id='word_1_122' title='bbox 589 1390 633 1419; x_wconf 87' lang='lat' dir='ltr'>ara.</span> 
     </span>
    </p>

    <p class='ocr_par' dir='ltr' id='par_1_11' title="bbox 120 1449 665 1508">
     <span class='ocr_line' id='line_1_18' title="bbox 120 1449 665 1508; baseline -0.006 -12"><span class='ocrx_word' id='word_1_123' title='bbox 120 1456 198 1496; x_wconf 85' lang='lat' dir='ltr'>Fronte</span> <span class='ocrx_word' id='word_1_124' title='bbox 208 1463 281 1496; x_wconf 86' lang='lat' dir='ltr'>tamen</span> <span class='ocrx_word' id='word_1_125' title='bbox 289 1454 358 1495; x_wconf 78' lang='lat' dir='ltr'>Rhoeti</span> <span class='ocrx_word' id='word_1_126' title='bbox 367 1467 411 1495; x_wconf 93' lang='lat' dir='ltr'>non</span> <span class='ocrx_word' id='word_1_127' title='bbox 420 1453 480 1495; x_wconf 77' lang='lat' dir='ltr'>irrite</span> <span class='ocrx_word' id='word_1_128' title='bbox 489 1453 560 1508; x_wconf 82' lang='lat' dir='ltr'>cuspis</span> <span class='ocrx_word' id='word_1_129' title='bbox 569 1449 665 1501; x_wconf 70' lang='lat' dir='ltr'>adhesit,</span> 
     </span>
    </p>

    <p class='ocr_par' dir='ltr' id='par_1_12' title="bbox 119 1524 787 1656">
     <span class='ocr_line' id='line_1_19' title="bbox 119 1524 787 1587; baseline -0.003 -17"><span class='ocrx_word' id='word_1_130' title='bbox 119 1529 161 1587; x_wconf 80' lang='lat' dir='ltr'>Qui</span> <span class='ocrx_word' id='word_1_131' title='bbox 170 1538 285 1584; x_wconf 87' lang='lat' dir='ltr'>postquam</span> <span class='ocrx_word' id='word_1_132' title='bbox 294 1528 382 1577; x_wconf 79' lang='lat' dir='ltr'>cecidit,</span> <span class='ocrx_word' id='word_1_133' title='bbox 391 1527 518 1583; x_wconf 82' lang='lat' dir='ltr'>ferrumque</span> <span class='ocrx_word' id='word_1_134' title='bbox 526 1540 551 1568; x_wconf 81' lang='lat' dir='ltr'>er</span> <span class='ocrx_word' id='word_1_135' title='bbox 561 1538 608 1568; x_wconf 88' lang='lat' dir='ltr'>osse</span> <span class='ocrx_word' id='word_1_136' title='bbox 617 1524 729 1568; x_wconf 80' lang='lat' dir='ltr'>revulsum</span> <span class='ocrx_word' id='word_1_137' title='bbox 739 1536 787 1579; x_wconf 80' lang='lat' dir='ltr'>est,</span> 
     </span>
     <span class='ocr_line' id='line_1_20' title="bbox 120 1598 673 1656; baseline -0.005 -14"><span class='ocrx_word' id='word_1_138' title='bbox 120 1599 221 1656; x_wconf 84' lang='lat' dir='ltr'>Palpitat,</span> <span class='ocrx_word' id='word_1_139' title='bbox 233 1609 254 1642; x_wconf 90' lang='lat' dir='ltr'>et</span> <span class='ocrx_word' id='word_1_140' title='bbox 263 1600 342 1655; x_wconf 79' lang='lat' dir='ltr'>positas</span> <span class='ocrx_word' id='word_1_141' title='bbox 351 1599 459 1656; x_wconf 67' lang='lat' dir='ltr'>adspergit</span> <span class='ocrx_word' id='word_1_142' title='bbox 468 1598 571 1655; x_wconf 75' lang='lat' dir='ltr'>sanguine</span> <span class='ocrx_word' id='word_1_143' title='bbox 581 1611 673 1640; x_wconf 83' lang='lat' dir='ltr'>menses.</span> 
     </span>
    </p>

    <p class='ocr_par' dir='ltr' id='par_1_13' title="bbox 118 1670 639 1727">
     <span class='ocr_line' id='line_1_21' title="bbox 118 1670 639 1727; baseline -0.004 -13"><span class='ocrx_word' id='word_1_144' title='bbox 118 1674 175 1714; x_wconf 88' lang='lat' dir='ltr'>Tum</span> <span class='ocrx_word' id='word_1_145' title='bbox 184 1685 234 1713; x_wconf 80' lang='lat' dir='ltr'>vero</span> <span class='ocrx_word' id='word_1_146' title='bbox 243 1671 359 1714; x_wconf 84' lang='lat' dir='ltr'>indomitas</span> <span class='ocrx_word' id='word_1_147' title='bbox 368 1671 458 1714; x_wconf 81' lang='lat' dir='ltr'>ardescit</span> <span class='ocrx_word' id='word_1_148' title='bbox 466 1670 543 1727; x_wconf 75' lang='lat' dir='ltr'>vulgus</span> <span class='ocrx_word' id='word_1_149' title='bbox 551 1671 574 1713; x_wconf 91' lang='lat' dir='ltr'>in</span> <span class='ocrx_word' id='word_1_150' title='bbox 584 1670 639 1713; x_wconf 84' lang='lat' dir='ltr'>iras:</span> 
     </span>
    </p>

    <p class='ocr_par' dir='ltr' id='par_1_14' title="bbox 118 1744 679 1801">
     <span class='ocr_line' id='line_1_22' title="bbox 118 1744 679 1801; baseline 0 -13"><span class='ocrx_word' id='word_1_151' title='bbox 118 1745 211 1800; x_wconf 85' lang='lat' dir='ltr'>Telaque</span> <span class='ocrx_word' id='word_1_152' title='bbox 221 1744 351 1800; x_wconf 86' lang='lat' dir='ltr'>conjiciunt:</span> <span class='ocrx_word' id='word_1_153' title='bbox 361 1754 383 1787; x_wconf 88' lang='lat' dir='ltr'>et</span> <span class='ocrx_word' id='word_1_154' title='bbox 391 1755 454 1796; x_wconf 85' lang='lat' dir='ltr'>sunt,</span> <span class='ocrx_word' id='word_1_155' title='bbox 463 1746 501 1801; x_wconf 89' lang='lat' dir='ltr'>qui</span> <span class='ocrx_word' id='word_1_156' title='bbox 511 1744 596 1801; x_wconf 85' lang='lat' dir='ltr'>Cephea</span> <span class='ocrx_word' id='word_1_157' title='bbox 605 1745 679 1788; x_wconf 82' lang='lat' dir='ltr'>dicant</span> 
     </span>
    </p>

    <p class='ocr_par' dir='ltr' id='par_1_15' title="bbox 118 1810 688 2021">
     <span class='ocr_line' id='line_1_23' title="bbox 118 1810 688 1875; baseline -0.002 -13"><span class='ocrx_word' id='word_1_158' title='bbox 118 1821 175 1862; x_wconf 76' lang='lat' dir='ltr'>(lum</span> <span class='ocrx_word' id='word_1_159' title='bbox 184 1833 262 1875; x_wconf 66' lang='lat' dir='ltr'>genero</span> <span class='ocrx_word' id='word_1_160' title='bbox 270 1819 348 1861; x_wconf 78' lang='lat' dir='ltr'>debere</span> <span class='ocrx_word' id='word_1_161' title='bbox 357 1819 420 1861; x_wconf 88' lang='lat' dir='ltr'>mori.</span> <span class='ocrx_word' id='word_1_162' title='bbox 431 1820 471 1861; x_wconf 87' lang='lat' dir='ltr'>Sed</span> <span class='ocrx_word' id='word_1_163' title='bbox 480 1819 555 1861; x_wconf 86' lang='lat' dir='ltr'>limine</span> <span class='ocrx_word' id='word_1_164' title='bbox 565 1819 616 1861; x_wconf 82' lang='lat' dir='ltr'>teeti</span> <span class='ocrx_word' id='word_1_165' title='bbox 685 1810 688 1813; x_wconf 41' lang='lat'>⁵</span> 
     </span>
     <span class='ocr_line' id='line_1_24' title="bbox 120 1891 644 1947; baseline -0.002 -12"><span class='ocrx_word' id='word_1_166' title='bbox 120 1892 203 1935; x_wconf 85' lang='lat' dir='ltr'>Exierat</span> <span class='ocrx_word' id='word_1_167' title='bbox 211 1892 319 1947; x_wconf 83' lang='lat' dir='ltr'>Cepheus,</span> <span class='ocrx_word' id='word_1_168' title='bbox 329 1901 418 1935; x_wconf 82' lang='lat' dir='ltr'>testatus</span> <span class='ocrx_word' id='word_1_169' title='bbox 424 1891 515 1947; x_wconf 85' lang='lat' dir='ltr'>jusque,</span> <span class='ocrx_word' id='word_1_170' title='bbox 525 1892 644 1947; x_wconf 83' lang='lat' dir='ltr'>iidemque,</span> 
     </span>
     <span class='ocr_line' id='line_1_25' title="bbox 119 1965 651 2021; baseline -0.004 -13"><span class='ocrx_word' id='word_1_171' title='bbox 119 1965 250 2021; x_wconf 89' lang='lat' dir='ltr'>llospitiique</span> <span class='ocrx_word' id='word_1_172' title='bbox 259 1966 323 2015; x_wconf 75' lang='lat' dir='ltr'>Deos,</span> <span class='ocrx_word' id='word_1_173' title='bbox 334 1978 369 2015; x_wconf 88' lang='lat' dir='ltr'>ea,</span> <span class='ocrx_word' id='word_1_174' title='bbox 379 1978 400 2006; x_wconf 91' lang='lat' dir='ltr'>se</span> <span class='ocrx_word' id='word_1_175' title='bbox 410 1965 551 2019; x_wconf 85' lang='lat' dir='ltr'>prohibente,</span> <span class='ocrx_word' id='word_1_176' title='bbox 562 1965 651 2007; x_wconf 79' lang='lat' dir='ltr'>moveri.</span> 
     </span>
    </p>

    <p class='ocr_par' dir='ltr' id='par_1_16' title="bbox 119 2038 671 2094">
     <span class='ocr_line' id='line_1_26' title="bbox 119 2038 671 2094; baseline -0.004 -13"><span class='ocrx_word' id='word_1_177' title='bbox 119 2038 194 2082; x_wconf 88' lang='lat' dir='ltr'>Bellica</span> <span class='ocrx_word' id='word_1_178' title='bbox 203 2038 271 2081; x_wconf 85' lang='lat' dir='ltr'>Pallas</span> <span class='ocrx_word' id='word_1_179' title='bbox 281 2039 351 2088; x_wconf 84' lang='lat' dir='ltr'>adest,</span> <span class='ocrx_word' id='word_1_180' title='bbox 361 2048 383 2081; x_wconf 92' lang='lat' dir='ltr'>et</span> <span class='ocrx_word' id='word_1_181' title='bbox 391 2038 484 2094; x_wconf 71' lang='lat' dir='ltr'>protegit</span> <span class='ocrx_word' id='word_1_182' title='bbox 492 2039 557 2094; x_wconf 70' lang='lat' dir='ltr'>aegide</span> <span class='ocrx_word' id='word_1_183' title='bbox 567 2038 671 2089; x_wconf 83' lang='lat' dir='ltr'>fratrem;</span> 
     </span>
    </p>

    <p class='ocr_par' dir='ltr' id='par_1_17' title="bbox 117 2110 775 2241">
     <span class='ocr_line' id='line_1_27' title="bbox 118 2110 775 2169; baseline 0 -14"><span class='ocrx_word' id='word_1_184' title='bbox 118 2115 200 2169; x_wconf 84' lang='lat' dir='ltr'>Datque</span> <span class='ocrx_word' id='word_1_185' title='bbox 210 2112 300 2155; x_wconf 87' lang='lat' dir='ltr'>animos.</span> <span class='ocrx_word' id='word_1_186' title='bbox 309 2114 359 2155; x_wconf 82' lang='lat' dir='ltr'>Erat</span> <span class='ocrx_word' id='word_1_187' title='bbox 367 2113 433 2154; x_wconf 89' lang='lat' dir='ltr'>Indus</span> <span class='ocrx_word' id='word_1_188' title='bbox 442 2111 513 2165; x_wconf 76' lang='lat' dir='ltr'>Athis,</span> <span class='ocrx_word' id='word_1_189' title='bbox 521 2125 588 2168; x_wconf 86' lang='lat' dir='ltr'>quem</span> <span class='ocrx_word' id='word_1_190' title='bbox 598 2110 690 2156; x_wconf 70' lang='lat' dir='ltr'>flumine</span> <span class='ocrx_word' id='word_1_191' title='bbox 700 2113 775 2169; x_wconf 70' lang='lat' dir='ltr'>Gange</span> 
     </span>
     <span class='ocr_line' id='line_1_28' title="bbox 117 2183 608 2241; baseline -0.002 -12"><span class='ocrx_word' id='word_1_192' title='bbox 117 2184 179 2229; x_wconf 71' lang='lat' dir='ltr'>Edita</span> <span class='ocrx_word' id='word_1_193' title='bbox 188 2186 285 2229; x_wconf 85' lang='lat' dir='ltr'>Limnate</span> <span class='ocrx_word' id='word_1_194' title='bbox 294 2185 365 2228; x_wconf 79' lang='lat' dir='ltr'>vitreis</span> <span class='ocrx_word' id='word_1_195' title='bbox 374 2184 479 2241; x_wconf 81' lang='lat' dir='ltr'>peperisse</span> <span class='ocrx_word' id='word_1_196' title='bbox 488 2186 529 2228; x_wconf 84' lang='lat' dir='ltr'>euh</span> <span class='ocrx_word' id='word_1_197' title='bbox 539 2183 608 2228; x_wconf 80' lang='lat' dir='ltr'>antris</span> 
     </span>
    </p>
   </div>
   <div class='ocr_carea' id='block_1_3' title="bbox 0 0 842 2592">
    <p class='ocr_par' dir='ltr' id='par_1_18' title="bbox 0 0 842 2592">
     <span class='ocr_line' id='line_1_29' title="bbox 0 0 842 2592; baseline 0 0"><span class='ocrx_word' id='word_1_198' title='bbox 0 0 842 2592; x_wconf 95' lang='lat' dir='ltr'> </span> 
     </span>
    </p>
   </div>
  </div>
 </body>
</html>
