1667 2592
95 128 138 183 224
249 124 580 177 uereuoeruoseou
651 127 734 181 ewa

95 219 182 259 Pectore
190 215 273 258 Procris
282 225 339 265 erat,
348 214 431 258 Procris
440 214 495 257 mihi
504 228 589 271 semper
597 213 622 257 in
629 227 676 258 ore.

95 288 159 330 Sacra
170 288 222 338 tori,
232 288 345 344 coitusque
353 300 433 336 novos.
445 286 593 342 thalamosque
603 295 713 340 recentes,
748 336 752 343 ,

95 360 211 415 Primaque
220 359 297 402 deserti
308 359 427 402 referebam
438 357 517 401 foedera
526 358 583 403 lecti.
656 384 675 405 «1

95 435 155 477 Mota
164 435 206 476 Dea
215 443 259 476 est:
269 442 301 483 et,
312 433 383 475 «Siste
393 442 452 484 tuas,
461 432 555 489 ingrate,
564 431 677 488 querelas;

95 508 184 552 Procrin
194 509 260 561 habe,
270 509 336 552 dixit:
346 509 405 566 quod
414 509 432 550 si
443 522 492 551 mea
501 504 591 565 prdrida
600 521 663 550 meus
673 516 720 561 est,

97 583 148 627 Nou
158 581 258 625 babuisse
267 582 330 625 voles.
338 599 349 639 u
360 584 436 638 Meque
446 580 477 623 illi
486 582 542 624 irata
551 580 641 623 remisit

95 657 154 700 Dum
163 656 238 707 redeo,
248 669 379 712 mecumque
387 657 434 697 Item
444 664 565 711 memorata
574 665 681 707 retracto,

96 731 146 773 Esse
155 738 227 772 metus
236 729 310 785 coepit,
320 743 347 772 ne
353 728 405 785 jura
411 728 496 786 jugalia
505 728 586 786 conjux

98 805 149 847 Non
158 804 213 846 beue
223 813 331 846 servasset.
340 803 455 860 Faciesque
463 814 556 860 aetasque
561 802 676 860 jubebant

98 878 189 920 Credere
198 877 329 920 adulterium
338 891 342 916 :
353 877 500 934 prohibebant
508 877 594 920 credere
603 890 685 920 mores.

98 952 139 994 Sed
149 961 222 993 tamen
231 949 346 993 abfueram
355 964 359 989 ε
369 951 438 993 sedet
447 951 492 993 hec
502 960 558 1002 erat,
568 951 627 993 uude
636 951 752 1004 redibam,

98 1023 200 1067 Criminis
209 1024 346 1080 exemplum:
356 1026 393 1067 sed
402 1036 482 1068 cuncta
491 1025 593 1068 timemus
601 1034 713 1069 amantes.

99 1101 210 1156 Quaerere,
220 1113 264 1155 quo
273 1099 467 1153 doleam„studeo;
477 1101 581 1156 donisque
590 1099 700 1155 pudieam
710 1120 712 1125 ·

100 1171 218 1215 Sollicitare
228 1171 307 1215 fidem:
317 1172 376 1225 favet
384 1173 436 1215 huic
445 1175 528 1216 Aurora
538 1172 622 1222 timori,

100 1247 250 1301 Immutatque
259 1260 332 1289 meam
342 1245 429 1304 (videor
437 1246 540 1302 sensisse)
550 1246 653 1301 figuram.

100 1317 205 1362 Palladias
213 1318 274 1371 ineo,
283 1333 328 1361 non
338 1319 499 1375 cognoscendus
505 1315 625 1370 ‚³Atbenas3

100 1393 255 1449 Ingrediorque
263 1394 362 1435 domum.
372 1392 441 1449 Culpa
449 1387 529 1435 domus
537 1392 584 1448 ipsa
592 1391 694 1443 careban

102 1467 207 1521 Castaque
215 1466 276 1522 siqua
285 1467 361 1518 dabat3
371 1466 504 1522 dominoque
513 1475 559 1509 erat
567 1464 631 1507 auxie
640 1476 715 1522 rapto.

102 1539 144 1582 vix
154 1539 214 1582 aditu
223 1553 261 1595 per
270 1540 329 1582 mille
338 1540 399 1582 dolos
408 1540 437 1582 ad
445 1538 573 1582 Erechthida
584 1537 654 1590 ἔπεος

103 1614 132 1655 Ut
140 1611 194 1663 vidi,
204 1612 318 1668 obstupui,
327 1612 476 1669 ‚meditataque
485 1625 544 1668 paeue
554 1610 632 1667 reliqui

104 1687 246 1729 Teutementa
256 1684 310 1727 fide:
321 1685 377 1728 male
386 1700 434 1737 me,
443 1687 497 1742 quin
505 1699 556 1728 vera
565 1684 651 1737 faterer,

56 1759 58 1763 ’
105 1759 219 1812 Continui;
229 1758 285 1801 male
294 1760 358 1816 quin,
368 1769 393 1803 ut
402 1761 510 1817 oportuit,
520 1760 593 1804 oscula
602 1759 692 1803 ferrem.

105 1832 245 1883 Tristis⁴erat3
256 1832 293 1874 sed
302 1831 362 1874 urdle
373 1842 446 1875 umen
455 1831 572 1875 formosior
580 1830 618 1874 illa

106 1909 156 1952 usse
165 1915 235 1963 potest
245 1905 310 1957 tristi;
319 1906 468 1962 desiderioque
477 1905 561 1948 calebat

103 1978 210 2037 ilonjugis
219 1978 310 2034 abrepti.
318 1980 351 2020 Tu
360 1977 446 2033 collige,
457 1977 527 2034 qualis
536 1978 558 2020 in
568 1975 616 2027 illa,

107 2052 188 2102 Pboee,
197 2052 262 2093 decor
270 2050 346 2101 luerit,
356 2064 423 2106 quam
433 2050 463 2092 sic
472 2050 534 2093 dolor
542 2051 587 2106 ipse
596 2050 694 2094 decebat.

110 2123 167 2185 Quid
176 2121 279 2175 referam,
289 2123 373 2179 quoties
383 2123 503 2167 tenumiaa
511 2133 586 2166 nostra
594 2120 668 2179 pudici
