1667 2592
101 186 128 237 „o
253 184 584 226 nnttnonettosnon
658 187 742 227 esst.

100 274 127 315 tt
136 285 295 327 nnncepuero
304 272 382 314 Thebae
391 272 505 327 capientur
513 271 604 323 inermi,
721 328 724 332 ι

102 347 172 403 Quem
182 357 253 399 neque
261 344 317 386 belia
324 345 415 401 juvant,
425 359 465 386 nec
475 344 527 395 teia,
537 358 576 387 nec
587 359 639 388 usus
648 359 774 401 equorum

102 420 142 462 Sed
152 418 253 460 madidus
262 419 351 475 myrrha
360 418 437 467 crinis,
446 417 565 473 mollesque
574 431 671 467 coronae,

102 495 253 547 turpemque,
262 501 283 532 et
292 491 354 546 pictis
364 490 472 533 intextum
482 490 576 532 vestibus
584 504 673 533 aurum.

104 567 174 623 Quem
183 564 272 619 quidem
281 577 321 619 ego
329 575 430 607 actutum
439 563 517 619 (modo
526 577 563 606 ros
572 564 677 620 absistite)
688 577 770 621 coqam

103 640 278 694 Adsumtnmqne
287 648 383 694 patrem,
392 648 560 693 commentaque
568 650 629 680 sacra
638 637 709 681 fateri.

104 716 137 756 An
146 711 197 754 satis
206 711 286 754 Acrisio
295 722 327 753 eat
335 711 414 761 animi,
424 721 564 753 contemnere
572 724 655 753 venum

106 788 206 837 Numen,
215 796 236 828 et
245 785 352 841 Argolicas
361 784 455 826 venienti
463 784 563 825 claudere
572 794 657 839 portes;

105 860 197 902 Penthea
207 860 295 901 terrebit
303 873 353 900 cum
365 858 415 901 totis
424 859 506 899 advena
515 858 606 899 Thebis?

104 936 135 976 ite
144 934 181 976 citi
192 934 294 990 (famulis
304 932 471 989 hoc-imperat),
481 933 521 982 ite,
531 933 654 987 ducemque

106 1008 211 1051 Attrahite
220 1008 263 1049 hnc
274 1008 370 1050 vinctum
379 1024 383 1048 :
391 1006 459 1062 jussis
469 1021 529 1048 mora
539 1006 609 1062 segnis
617 1007 698 1048 abesto.
706 1022 718 1044 n

138 1083 199 1122 Hunc
206 1093 259 1122 avus
265 1113 270 1129 ,
277 1080 336 1121 hunc
344 1079 457 1129 Athamas,
465 1080 524 1120 bunc
532 1089 600 1122 cetera
609 1079 672 1120 turba
679 1091 776 1121 suornm

106 1155 231 1210 Corripiunt
239 1154 314 1196 dictis:
325 1153 448 1209 frustraque
457 1154 554 1196 inhibere
564 1154 670 1197 laborent.

106 1227 179 1270 Acrior
188 1227 303 1269 admonitu
312 1236 354 1278 est;
365 1227 504 1282 imitaturque
515 1236 608 1277 retenta,

107 1306 133 1347 Et
141 1304 217 1346 crescit
225 1304 295 1346 rabies
303 1304 509 1358 :remoraminaque
518 1302 564 1358 ipsa
574 1303 691 1345 nocebant.

107 1378 141 1420 Sic
150 1391 189 1434 ego
199 1388 328 1427 torrentem,
338 1391 381 1433 qua
391 1376 421 1418 nii
431 1377 531 1419 obstabat
540 1376 612 1425 eunti,
728 1367 731 1375 ’

109 1452 197 1503 Lenius,
207 1464 228 1495 et
238 1452 324 1494 modico
333 1452 424 1506 strepitu
433 1452 546 1493 decurrere
556 1450 598 1493 vidi
608 1465 612 1489 :

108 1526 144 1575 tt,
154 1539 284 1580 quacunque
295 1526 365 1567 trabes
374 1526 527 1579 obstructaque
537 1537 586 1564 saxa
598 1524 714 1578 tenebant,

109 1599 227 1653 Spumeus,
237 1607 258 1639 et
268 1597 362 1647 ferrens,
371 1608 393 1639 et
402 1599 430 1639 ab
440 1597 501 1638 obice
510 1597 584 1638 sevior
594 1596 647 1639 ibat.

136 1746 172 1786 lX.
184 1747 238 1786 Ecce
248 1745 354 1786 cruentati
364 1745 465 1794 redeunt;
475 1754 508 1793 et,
517 1743 612 1784 Bacchus
622 1742 661 1785 nbi
670 1753 739 1796 esset,

108 1818 216 1875 Quaerenti
226 1818 327 1866 domino,
336 1819 445 1859 bacchum
456 1818 531 1859 vidisse
540 1827 655 1873 negarunt.

108 1895 182 1941 Hunc,
190 1892 273 1941 dixere,
284 1902 356 1934 tamen
366 1891 481 1942 comitem,
492 1890 644 1945 famulumque
654 1903 770 1934 sacrorum

109 1966 221 2021 Cepimus.
231 1973 253 2007 et
263 1966 352 2007 tradunt
361 1965 464 2006 manibus
474 1974 522 2019 post
531 1973 589 2018 terga
598 1962 680 2018 ligatis,

108 2044 171 2084 Sacra
181 2041 215 2082 dei
224 2041 335 2096 quondam
345 2039 456 2097 Tyrrhena
465 2050 528 2095 gente
536 2048 645 2081 secutum.

108 2114 203 2170 Adspicit
211 2114 271 2156 hunc
280 2114 349 2156 ocuiis
358 2114 476 2165 Pentheus,
485 2127 540 2168 quos
549 2113 580 2154 ira
591 2113 717 2156 tremendos

108 2190 205 2237 eccetan
214 2196 245 2237 et,
255 2200 391 2243 quamquam
403 2199 472 2242 poene
482 2186 515 2228 vix
525 2196 624 2241 tempore
631 2183 721 2236 differt,
