1667 2592
128 191 170 231 aso
280 183 613 229 ncranorraoscou
687 189 771 242 ωε.

156 281 217 323 Dona
226 278 403 335 Deum'templis‚
414 288 466 321 nato
476 278 566 329 victore,
577 276 673 329 ferebat,

127 356 202 413 Quum
212 355 268 397 videt
278 354 393 398 exstinctos
403 353 491 404 fratres,
500 353 594 403 althea,
604 352 686 396 reterri.

128 430 191 487 Qua,
201 428 304 485 plangore
314 430 376 479 dato,
386 428 467 471 moestis
477 427 598 470 ululatibus
607 429 687 471 urbem

126 501 216 558 Implet,
225 512 247 545 et
256 512 343 545 auratas
352 502 446 545 mutavit
454 501 550 544 vestibus
559 500 618 544 atris.

127 577 154 618 At
162 575 229 618 simul
238 585 270 618 est
279 586 355 618 auctor
363 575 422 617 necis
430 575 511 625 editus;
522 575 601 617 excidit
608 574 682 618 omnis

127 650 219 700 Luctus,
228 659 249 691 et
259 662 271 689 a
281 648 383 706 lacrymis
392 650 415 690 iu
426 660 492 703 poense
501 660 575 690 versus
584 661 685 691 amorem
694 660 736 693 est.

127 719 196 777 Stipes
205 731 262 772 erat,
271 735 349 777 quern,
359 735 431 776 quum
441 729 515 776 partus
525 719 679 776 enixajaceret

126 793 234 845 Thestias,
244 794 268 837 in
277 794 390 837 flammam
401 793 494 850 triplices
502 808 594 850 posuere
603 809 701 849 sororcs;

125 868 267 924 staminaque
277 869 381 924 impresso
392 867 466 911 fatalia
475 867 552 923 pollice
561 878 649 921 nentes,
666 924 667 927 Ἰ

128 945 264 1000 «Tempora,
274 944 387 993 dixerunt,
396 943 472 985 eadem
481 942 584 999 lignoque
593 943 689 999 tibique,

126 1020 144 1061 0
154 1017 220 1059 modo
230 1027 291 1067 nate,
301 1017 404 1058 damus.»
414 1019 463 1074 Quo
471 1028 588 1073 postquam
598 1018 697 1062 carmine
706 1018 767 1064 dicto

86 1114 93 1121 ·
125 1087 236 1158 Etpessere
245 1091 302 1140 Dere3
314 1089 441 1145 flagrantem
452 1099 521 1132 mater
530 1091 558 1132 ab
567 1090 616 1146 igne

125 1163 210 1220 Eripuit
219 1172 311 1215 torrem,
320 1163 440 1219 sparsitque
449 1162 582 1219 liquentibus
592 1163 665 1206 undis.

122 1237 163 1280 {lle
172 1238 211 1279 diu
220 1235 291 1280 fuerat
300 1236 447 1293 penetralibus
456 1236 543 1280 abditus
551 1237 615 1279 imis:

126 1314 269 1367 Servatosque
279 1321 339 1357 tuos.
345 1309 445 1366 juvenis,
454 1320 576 1354 servaverat
584 1324 661 1357 annos.

125 1385 218 1429 Protulit
227 1385 285 1428 hunc
296 1384 398 1441 genitrix,
408 1385 516 1440 taedasque
525 1384 548 1427 in
558 1384 669 1441 fragmina
678 1388 734 1444 poni

125 1461 232 1516 imperat,
242 1469 264 1502 et
272 1459 346 1515 positis
355 1458 455 1501 inimicos
463 1457 566 1500 admovet
574 1458 641 1514 ignes.

124 1535 182 1576 Turn
193 1542 270 1574 conata
278 1543 355 1587 quater
364 1530 460 1573 flammis
470 1530 581 1586 imponere
591 1544 695 1585 ramum,

123 1607 198 1661 Coepta
207 1614 284 1659 quater
293 1604 375 1647 tenuit:
385 1612 485 1660 pugnant
493 1612 605 1658 materque
615 1617 736 1661 sororque,

124 1683 151 1722 ln
160 1679 243 1721 diversa
253 1679 343 1721 trahunt
352 1691 422 1720 unum
432 1678 477 1720 duo
487 1677 577 1719 nomina
586 1685 670 1733 peetus.

124 1756 182 1810 Saepe
192 1761 253 1795 metu
262 1752 347 1794 sceleris
355 1751 467 1808 pallebant
475 1765 513 1794 ora
523 1750 603 1800 luturi;

123 1830 183 1884 Saepe
192 1840 259 1868 suum
268 1824 430 1868 fervens'oculis
440 1826 506 1868 dabat
516 1825 548 1867 ira
557 1826 673 1867 ruborem:

124 1903 151 1944 Et
160 1900 226 1942 modo
236 1898 308 1941 nescio
317 1898 369 1954 quid
379 1898 455 1940 similis
465 1898 551 1940 crudele
560 1898 655 1941 minanti

124 1972 205 2015 Vultus
214 1983 270 2019 eran
282 1971 347 2012 modo
356 1984 423 2025 qucm
433 1971 529 2012 misereri
538 1971 624 2013 credere
634 1985 718 2026 porres.

122 2043 241 2099 Quumque
251 2041 310 2085 ferus
318 2043 426 2098 lacrymas
435 2042 503 2084 animi
512 2043 627 2086 siccaverat
636 2045 717 2097 ardor,

120 2116 291 2159 Inveniebantur
298 2116 399 2173 lacryma
408 2124 488 2158 tamen.
499 2118 568 2171 thue
577 2116 664 2168 carina,

124 2190 196 2244 Quam
206 2199 293 2243 ventus,
303 2199 409 2245 ventoque
418 2190 476 2246 rapit
484 2190 606 2234 contrarius
615 2201 695 2245 estus,
