1667 2592
124 183 167 236 264
276 181 608 242 METAMOR'PHOSEON
682 195 702 223 v.
715 182 765 235 817.

121 269 351 333 Sacrilegigbalamos:
362 270 450 327 alioque
458 284 536 326 sopore
545 269 644 313 solutum

122 342 211 400 (Noeris
221 354 267 386 erar
276 342 375 399 tempus)
385 343 477 399 geminis
485 341 626 398 amplectitur
634 341 687 384 alis:

121 416 191 471 Seque
201 416 246 458 viro
255 416 356 472 inspirat,
367 415 484 471 faucesque
493 425 514 458 et
523 425 599 471 pectus
608 424 630 458 et
639 428 679 457 ora

121 489 203 540 adflat,
213 500 235 533 et
244 490 266 532 in
278 490 349 532 vacuis
359 489 440 545 spargit
445 488 532 544 jejunis
541 488 608 532 venis.
661 516 664 522 -

122 564 248 618 Functaque
258 563 361 606 mandato
371 561 491 604 fecundum
500 562 580 605 deserit
588 561 678 612 orbem;

122 637 191 692 Inque
199 637 277 678 domos
286 636 373 692 inopes,
382 637 473 679 adsueta
482 635 597 678 revertitur
605 645 677 678 antra.

149 711 211 754 Lenis
221 712 292 754 adhuc
301 726 392 755 somnus
400 710 490 768 placidis
501 710 648 753 Erisiebthona
658 709 739 765 penms

121 785 236 829 Muleebat.
245 786 300 829 Petit
309 784 345 829 ille
354 787 419 841 dapes
428 785 470 827 snb
479 784 574 839 imagine
583 784 656 826 somni
665 798 671 824 ε
737 796 739 813 t

120 860 205 915 Oraque
214 873 270 903 vana
279 869 363 909 movet,
372 860 503 914 dentemque
512 858 608 901 inolente
617 857 708 914 fauget;

121 935 251 989 Exercetque
260 934 310 976 cibo
319 933 421 976 delusum
431 942 507 989 guttur
516 933 589 975 inani:

120 1009 204 1063 Proque
213 1009 282 1064 epulis
292 1019 367 1051 tenues
376 1009 525 1065 nequidquam
534 1009 624 1051 devoret
633 1021 706 1050 auras.

44 1088 46 1093 '
120 1084 148 1123 Ut
157 1095 207 1123 vero
213 1092 248 1124 est
257 1081 345 1137 expulsa
354 1082 427 1137 quies.
437 1081 493 1125 furit
501 1083 566 1123 ardor
574 1081 665 1132 edendi,

119 1157 200 1210 Perque
210 1154 282 1196 avidas
292 1154 376 1203 ieuees,
385 1155 536 1211 immensaque
546 1156 627 1197 viscera
636 1166 723 1210 regnat.

121 1230 166 1271 Nec
177 1243 251 1271 mora:
261 1230 321 1285 quod
330 1239 422 1286 pontus,
432 1230 492 1285 qnod
502 1240 569 1278 terra.
579 1230 639 1284 quod
649 1231 731 1274 educat
740 1244 784 1281 aer,

119 1303 200 1357 Posei1;
210 1312 232 1346 et
241 1303 344 1358 adpositis
353 1303 453 1359 queritur
459 1303 545 1359 jejunia
554 1303 649 1345 mensis:

120 1380 188 1434 lnqne
197 1378 265 1435 epulis
274 1377 348 1434 epulas
357 1378 448 1433 quaerit:
458 1378 561 1433 quodque
569 1378 663 1420 urbibus
671 1393 733 1433 esse,

119 1452 226 1509 Quodque
235 1452 286 1494 satis
295 1451 377 1508 populo
386 1452 482 1507 poterat,
491 1464 536 1492 non
546 1449 628 1494 suffieit
638 1452 685 1494 uni.

120 1525 212 1580 Plusque
221 1525 292 1580 cupit,
302 1539 346 1581 qno
356 1525 420 1580 plura
429 1538 492 1567 sunm
502 1525 598 1568 demittit
607 1524 630 1566 in
640 1525 727 1569 alvum.
796 1578 798 1582 Ι

119 1598 189 1652 thue
199 1596 280 1640 fretum
290 1597 367 1653 recipit
375 1599 401 1639 de
411 1608 457 1641 tota
467 1596 560 1640 llnmina
569 1607 636 1646 term.

119 1672 164 1712 Nec
173 1671 263 1712 satiatur
272 1671 346 1725 aquis.
356 1672 524 1728 peregrinosque
532 1669 601 1713 ebibit
609 1684 700 1723 amnes;

118 1747 188 1799 thue
199 1757 263 1799 rapax
273 1744 328 1799 ignis
337 1758 382 1787 non
392 1758 491 1802 unquam
501 1744 605 1787 alimenta
614 1756 715 1797 reeusat;

117 1819 289 1872 Innumerasque
299 1818 370 1859 trabes
380 1828 474 1872 cremam
484 1827 516 1867 et,
525 1831 570 1872 quo
579 1817 642 1872 copia
652 1817 729 1874 major

98 1944 101 1949 ξ
118 1894 154 1936 Est
163 1893 225 1943 datu,
235 1891 298 1947 plura
307 1891 371 1947 petir;
382 1893 490 1948 turbaque
500 1892 597 1933 voracior
606 1891 654 1946 ipsa
663 1902 696 1934 est
705 1908 712 1933 ε

117 1965 151 2007 Sic
160 1965 235 2021 epulas
244 1978 321 2007 omnes
330 1964 485 2007 Erisichtlronis
494 1978 532 2006 ora
541 1962 627 2020 profani

41 2058 43 2063 ¹
115 2039 240 2095 Accipiunt,
251 2049 385 2096 poscuntque
395 2039 468 2081 simul.
478 2039 543 2082 Cibus
553 2038 625 2081 omnis
634 2037 658 2080 in
668 2038 709 2082 illo

116 2112 186 2153 Carisa
196 2112 239 2154 cibi
248 2122 280 2155 est
289 2130 294 2155 ;
303 2126 432 2169 semperque
440 2112 502 2154 locus
511 2111 536 2154 fir
545 2110 616 2154 inanis
625 2111 720 2154 edendo.
