1667 2592
77 193 96 222 v.
109 182 159 223 26³.
322 185 421 229 LIBER
439 188 465 229 V.
673 192 713 244 ¹49

75 271 181 322 Fontis3»
191 280 213 313 et
221 272 249 314 sd
257 271 330 315 latices
339 274 427 318 deducit
434 276 519 319 Pallada
528 291 605 319 sacros.

76 344 128 397 Qus
138 343 218 385 miratu
226 344 264 386 diu
274 344 342 387 factas
350 345 410 401 pedis
419 347 498 390 ictibus
507 349 586 399 undas,

75 413 184 457 Silvarum
193 414 253 458 lucos
263 415 408 472 circumspicit
417 417 569 474 antiquarum,

75 490 198 544 Antraque,
207 499 229 533 et
238 489 358 533 innumeris
367 491 478 535 distinctas
488 491 577 534 floribus
586 492 675 535 herbas:

75 561 198 618 felicesque
209 575 272 607 vocat
281 566 361 620 pariter
370 566 477 621 studiique
486 566 570 622 locique

76 637 234 680 Mnemonidas.
246 640 317 694 Quam
327 639 356 680 sic
365 638 439 682 adiuta
447 649 479 680 est
489 652 532 681 una
542 630 655 682 sororum:

77 712 124 761 «0,
134 711 176 753 nisi
186 720 206 753 te
216 711 283 754 virtus
292 726 356 768 opera
366 713 393 754 ad
403 710 487 766 majora
497 711 590 763 tulisset,

78 784 103 825 ln
113 793 199 840 partem
208 795 298 827 ventura
307 785 367 827 chori
377 784 473 827 Tritonia
482 784 561 833 nostri,

77 859 135 900 Vera
145 857 222 910 refers,
232 860 351 915 meritoque
360 860 439 914 probas
448 868 546 914 artesque
554 858 681 915 locumque3

76 933 101 975 Et
109 942 195 988 gramm
205 942 296 982 sortem,
306 943 357 975 tutae
367 933 433 974 modo
443 932 524 983 simus,
533 932 646 975 hebemus.

76 1006 116 1047 Sed
126 1005 232 1062 (vetitum
241 1016 273 1048 est
281 1007 334 1047 adeo
343 1005 416 1048 sceleri
426 1005 495 1061 nihii)
503 1005 577 1048 omnia
587 1008 669 1050 terrent

77 1078 191 1133 Virgineus
200 1088 294 1130 mentes,
303 1079 405 1134 dirusque
414 1088 464 1121 ante
473 1092 511 1121 ora
520 1081 625 1135 Pyreneus

77 1150 189 1201 Vertitur;
199 1160 222 1193 et
231 1152 329 1193 noudum
339 1166 374 1194 me
386 1162 429 1195 tour
440 1162 511 1194 mente
522 1152 597 1207 recepi.

76 1224 155 1266 Daulia
165 1225 266 1267 Threicio
275 1225 399 1281 Phoceaque
408 1226 476 1267 milite
486 1238 537 1267 rura

78 1298 171 1353 Ceperat
179 1296 215 1338 ille
224 1297 295 1347 ferox,
305 1297 429 1353 injustaque
439 1310 503 1352 regna
513 1297 605 1338 tenebat.

76 1370 168 1426 Templa
177 1372 304 1427 petebamus
313 1370 414 1413 Parnasia
423 1386 428 1410 ι
439 1369 492 1412 vidit
502 1379 587 1418 euntes3

80 1445 203 1500 Nostraque
213 1442 284 1486 falisci
293 1454 407 1486 veneratus
416 1442 508 1485 numina
517 1441 589 1492 cultu,

79 1534 91 1556 u
98 1518 247 1560 Mnemonides
257 1517 374 1574 (cognorat
381 1516 465 1573 enim),
475 1515 594 1566 consistite,
603 1515 666 1567 disin

77 1593 124 1635 Nec
133 1592 243 1642 dubitate,
252 1605 338 1648 precor,
349 1601 405 1635 tecto
414 1605 477 1647 grave
486 1591 545 1633 sidus
554 1600 576 1633 et
584 1589 677 1633 imbrem

78 1665 167 1721 (imber
175 1665 235 1720 erat)
245 1664 311 1706 vitare
321 1678 383 1707 meo:
393 1663 479 1707 subiere
489 1663 583 1706 minores

80 1740 141 1794 Saepe
149 1752 211 1780 cusas
219 1738 319 1793 Superi.»
330 1737 394 1780 Dictis
403 1746 425 1780 et
435 1746 530 1792 tempore
540 1747 603 1780 motas

82 1811 249 1867 Adnuimusque
258 1811 315 1863 viro,
325 1810 448 1867 primasque
457 1810 584 1853 intravimus
593 1812 657 1859 edes.

78 1884 191 1927 Desierant
200 1884 292 1932 imbres;
303 1885 401 1940 victoque
411 1884 553 1939 Aquilonibus
563 1888 650 1936 Austro,

79 1961 149 2002 Fusca
159 1969 275 2015 repurgato
285 1958 396 2014 fugiebant
404 1959 481 2002 nubile
488 1958 548 2001 coeio.

78 2038 176 2091 Impetus
186 2034 217 2076 ire
227 2033 281 2076 fuit:
292 2033 372 2076 claudit
381 2048 420 2076 sua
430 2043 485 2076 tecta
495 2035 611 2088 pyreneum

75 2109 172 2163 Vimque
180 2116 254 2163 parat,
264 2120 330 2161 quarn
341 2121 380 2149 nos
388 2107 467 2149 sumtis
476 2104 594 2157 effugimus
603 2104 649 2146 alis.

77 2183 125 2239 lpse
134 2190 237 2225 secuturo
246 2180 322 2224 umilis
330 2180 390 2224 stetit
399 2180 481 2222 arduus
491 2188 554 2218 arcs:
