1667 2592
116 167 144 219 42
269 160 602 221 aurauoarnosaou
692 177 714 207 v.
728 168 770 218 ⁷³·

118 252 199 296 obvius
208 251 239 295 irc
247 251 314 309 polis,
324 266 351 295 ue
360 261 381 295 te
390 251 447 294 citus
456 250 542 294 auferat
550 251 608 294 exist

45 346 48 357 ¹
118 327 216 372 Forsitan
226 336 248 370 et
256 326 317 369 lucos
326 326 381 375 illic.
392 327 499 382 urbesque
509 326 630 382 domosque

118 400 231 458 concipias
240 400 326 450 animo,
336 400 471 457 delubraque
480 400 532 444 ditia
541 399 605 443 donis

118 474 180 517 Este:
190 472 325 529 perinsidias
334 473 426 523 iterent,
436 471 562 529 formasque
571 472 678 521 ferarum.

118 548 189 602 thue
198 545 256 589 riam
267 556 350 598 teneas,
359 546 464 602 nudoque
473 559 545 589 errore
556 546 660 598 traharis3

119 622 159 663 Per
168 629 241 663 tamen
250 619 332 662 adversi
342 619 444 676 gradieris
454 633 537 662 cornua
546 620 624 671 Tauri,

119 693 285 749 Haemoniosque
293 707 367 745 arcuo,
377 693 508 750 rioienrique
517 708 556 737 ora
566 693 653 746 ieonis,

120 769 222 825 Senaque
230 768 324 811 circuitu
333 776 459 811 curvantem
470 767 558 810 brachia
568 767 634 824 longo

120 842 236 897 Scorpion,
245 851 310 897 atque
320 841 382 885 aliter
389 851 517 884 curvantem
527 842 616 884 brachia
625 842 747 889 Cancrum.

121 918 166 960 Nec
177 916 216 960 tibi
225 917 376 973 quadrupedes
385 916 495 959 animosos
505 917 592 973 ignibus
601 916 655 966 inis,

122 992 181 1047 Quos
191 989 213 1031 in
223 997 309 1045 pectore
318 989 410 1038 habent,
420 1003 476 1046 quos
484 1004 521 1032 ore
531 1000 553 1032 et
562 989 652 1032 naribus
661 988 755 1043 efflant,

122 1066 146 1106 in
156 1071 262 1120 promptu
272 1075 343 1117 regere
352 1072 390 1105 eso
403 1063 442 1105 i'ix
452 1076 487 1105 me
497 1062 619 1119 patiuntur,
629 1073 655 1106 ut
664 1077 727 1108 acres

122 1135 232 1180 lncaiucre
242 1135 321 1184 animi,
330 1135 444 1191 cervixque
454 1146 560 1192 repugnat
569 1136 668 1180 habenis.

123 1212 150 1254 dt
160 1219 195 1261 tu,
204 1207 284 1252 innecti
294 1222 322 1251 nc
331 1208 372 1251 sim
384 1209 423 1251 tibi
434 1209 530 1251 muneris
540 1219 624 1261 auctor,

125 1287 190 1334 Nate,
200 1297 251 1326 cave
260 1285 265 1326 ἱ
275 1284 330 1326 dum
340 1296 415 1338 resque
425 1282 487 1333 sinit,
498 1293 536 1326 tua
545 1282 627 1339 corrige
638 1293 697 1327 vota.

124 1359 219 1410 Scilicet,
229 1367 254 1401 ut
263 1367 337 1401 nostro
347 1357 446 1414 genitum
456 1367 477 1400 te
486 1357 590 1413 sauguine
599 1357 687 1409 credas,

124 1432 215 1488 Pignora
225 1441 283 1474 certa
293 1430 361 1488 petis:
371 1430 399 1471 do
408 1430 499 1486 pignora
509 1439 566 1472 certa
578 1429 689 1472 timendo:

124 1506 150 1547 Et
159 1503 230 1560 patrio
238 1512 300 1559 pater
308 1516 353 1545 csse
363 1513 423 1544 metn
433 1502 520 1557 probor.
530 1501 619 1558 Adspice
630 1501 706 1546 vuitus

124 1579 178 1620 Ecce
187 1589 260 1618 meos:
271 1575 399 1632 utinamque
408 1575 483 1617 ocuios
492 1574 514 1617 in
524 1585 610 1630 pectora
621 1589 696 1631 postes

125 1653 231 1700 inserere,
240 1658 262 1690 et
270 1649 350 1704 patrias
359 1648 420 1691 intus
428 1648 559 1703 deprendere
567 1650 642 1690 curas!

125 1722 233 1778 Denique,
242 1721 348 1776 quidquid
358 1721 424 1764 habet
433 1721 503 1770 dives,
512 1720 667 1776 circumspice,
677 1723 792 1767 mundns:

125 1799 185 1854 Eque
195 1805 227 1839 tot
235 1809 261 1838 ac
271 1795 335 1839 tantis
343 1796 401 1844 cuii,
412 1806 515 1850 terraque
525 1794 635 1851 marisque

125 1874 190 1914 Posce
200 1869 264 1912 bouis
271 1868 366 1925 aliquid:
376 1870 459 1912 nuliam
471 1869 551 1925 patiere
560 1868 679 1925 repulsam.

126 1947 232 2002 Deprecor
241 1942 282 1985 hoc
292 1956 374 1992 unum,
384 1928 503 1998 quod'vero
512 1942 602 1985 nominc
611 1956 688 1998 pona.

126 2021 177 2062 Nou
186 2018 258 2060 honor
265 2025 310 2059 cst:
320 2030 418 2071 ponam,
429 2016 549 2063 Phaethon.
560 2029 600 2073 pro
610 2030 705 2062 munere
715 2021 793 2077 poccb.

126 2092 183 2150 Quid
194 2104 242 2133 mea
250 2088 306 2132 coila
315 2096 374 2131 terrea
384 2087 480 2137 blandis,
489 2090 573 2145 ignare,
584 2090 684 2136 incertis!

126 2165 160 2207 Nc
170 2163 258 2214 dubita,
266 2160 354 2206 dabitur
364 2160 460 2219 (stygias
465 2162 591 2219 juravimus
600 2164 686 2223 undat)
