1667 2592
131 152 177 240 292¹
284 178 614 227 uuiltonrnoseorr
686 179 774 222 meos.

132 273 279 331 Amplectique
287 274 363 330 pedes,
372 271 492 327 adfusaque
500 280 588 327 poscere
596 269 663 312 ritem
673 285 679 311 :

132 349 171 401 Et,
180 349 197 390 si
207 347 311 404 rejieerer,
321 346 382 403 potui
390 345 496 388 meritura
505 344 579 387 rideri.

133 422 212 465 Omnia
221 421 318 465 iseum
326 436 332 461 ι
341 433 437 477 qnorum
446 419 464 461 si
473 417 557 474 singule
566 419 646 461 durem

132 496 226 544 Flectere
234 510 280 539 non
289 503 400 553 poterent,
410 493 530 551 potuissent
539 493 626 543 omniu,
635 500 745 535 mentem.

132 569 230 613 Forsitan
239 579 260 612 et
268 570 328 613 missi
337 569 365 614 sit
373 569 473 624 quedam
482 566 547 623 eulpa
555 565 665 609 ministri:

132 644 183 686 Non
191 642 245 686 adiit
253 653 313 699 apte,
322 657 367 686 non
377 641 526 698 legitimum,
535 641 613 693 credo,

132 719 250 773 Tempora;
258 731 299 760 nee
307 716 369 773 petiit
377 717 497 771 horamque
507 714 652 771 animumque
660 720 783 758 vacantem.

131 791 179 834 ilaee
188 803 281 831 nocuere
290 789 352 831 milri.
361 791 437 844 Neque
447 787 506 830 enim
516 788 542 830 de
552 787 629 843 tigride
638 797 719 839 nutus3

132 862 177 904 Nee
187 861 265 916 rigidus
273 860 353 912 silices,
363 860 483 904 solidumve
491 860 515 902 in
524 868 611 917 pectore
620 859 721 912 ferrum,

132 935 176 977 Ant
185 934 302 977 adamante
311 933 376 989 gerit,
385 946 426 976 nee
435 932 468 975 lue
477 931 533 975 bibit
541 931 578 974 ille
586 931 666 975 leuna.

66 1046 69 1053 .
133 1007 244 1050 Vincetur.
253 1007 387 1063 Repetendus
397 1006 451 1049 erit:
461 1019 501 1048 nee
510 1005 645 1061 redempti

134 1077 182 1122 Ulla
192 1078 234 1120 mei
244 1077 341 1133 capium,
351 1078 404 1120 dum
413 1077 503 1134 spiritus
512 1077 552 1120 iste
560 1077 666 1120 mauebit.

133 1154 191 1200 Nam
200 1150 297 1209 primum
307 1151 339 1209 (si
348 1151 406 1195 iectu
414 1152 469 1194 mihi
479 1165 578 1194 revocure
587 1151 676 1208 liceret)

133 1227 184 1270 Non
193 1225 279 1282 coepisse
288 1225 331 1269 init
339 1241 344 1267 :
353 1235 423 1283 eoepta
431 1239 565 1283 expugnem,
573 1227 698 1269 seeundum
708 1236 749 1271 est.

134 1298 218 1356 Quippe
228 1312 267 1341 nee
275 1298 311 1341 ille
320 1308 390 1355 potest
398 1298 439 1355 (nt
444 1298 493 1355 jam
503 1312 552 1341 mee
560 1309 611 1342 vete
619 1298 772 1356 relinquam),

135 1374 186 1415 Non
195 1383 268 1415 tamen
278 1386 381 1416 ausorum
391 1384 477 1429 semper
485 1386 571 1416 memor
579 1386 624 1415 esse
633 1386 746 1417 meorum.

135 1449 172 1499 Et,
181 1448 232 1503 quie
241 1448 353 1500 desierim,
362 1447 437 1491 leviter
444 1447 537 1491 voluisse
546 1448 647 1500 videbun

135 1523 178 1569 dut
186 1521 251 1564 etiem
263 1531 354 1565 tentasse
362 1521 437 1575 illum,
446 1522 572 1578 insidiisque
579 1523 664 1579 petisse.

136 1594 176 1636 Vel
186 1604 243 1637 certe
252 1608 296 1638 nen
306 1597 359 1649 hoe,
368 1597 407 1652 qui
416 1596 525 1653 plurimus
534 1597 589 1639 ussit
597 1606 619 1639 et
628 1596 674 1640 urit

135 1669 224 1710 Pectore
232 1676 318 1718 nestra,
326 1670 380 1720 lieo,
389 1670 427 1711 sed
436 1668 492 1711 riute
501 1668 590 1710 libidine
599 1670 682 1711 eredur.

136 1738 231 1794 Denique
237 1737 286 1794 jem
296 1753 379 1796 nequeo
388 1741 420 1789 nil
429 1741 562 1784 commisisse
570 1740 701 1784 nefandum.
778 1744 781 1749 ’

136 1813 162 1859 Et
171 1812 256 1869 scripsi,
265 1821 287 1856 et
295 1813 360 1869 petii:
371 1823 476 1858 temerata
485 1826 517 1859 est
525 1823 599 1857 nostru
607 1814 715 1859 veluntas.

60 1915 61 1918 η
136 1888 164 1928 Ut
173 1885 227 1928 nihil
236 1885 349 1943 udjielum,
357 1901 402 1930 non
412 1900 501 1944 pomum
510 1888 598 1932 innoxie
606 1888 656 1932 dici.

135 1960 199 2016 Quod
204 1960 410 2015 superest,multnm
416 1962 474 2004 estin
480 1962 564 2015 nomin
569 1961 660 2004 erimine
666 1976 782 2019 pervum.»

165 2032 231 2085 Dixit3
240 2044 262 2076 et
272 2034 370 2091 (incerte
380 2044 440 2078 tenta
448 2045 481 2079 est
488 2035 594 2079 discordia
604 2035 712 2093 mentis!)

137 2105 211 2161 Quum
220 2105 291 2162 pigent
300 2117 402 2161 tentasse,
411 2108 464 2153 libet
472 2118 566 2162 tentare3
575 2110 712 2168 modumque

115 2238 119 2244 .
136 2176 195 2230 Exit,
204 2187 225 2222 et
234 2178 307 2229 infelix
317 2182 437 2229 committit
445 2195 500 2241 sepe
509 2182 588 2239 repelli.
