1667 2592
136 242 162 294 rt
285 243 614 286 naranonnnosaon
685 234 776 299 v.17‘7.

133 330 187 383 Ergo
197 327 234 370 ubi
245 342 367 371 marmoreo
377 329 452 386 Superi
461 330 533 373 sedere
543 344 638 380 recessu,

132 401 212 443 Celsior
220 401 264 457 ipse
274 401 333 451 ioco,
344 412 471 458 sceptroque
480 403 566 446 innixus
575 404 669 454 eburno,

132 475 256 517 Terrifieatn
267 475 341 531 eapitis
351 478 459 518 concussit
469 485 542 532 terque
551 488 670 533 quaterque

132 548 255 600 Caesarieut3
266 562 316 591 oum
325 554 369 604 qna
380 559 469 600 terram,
481 564 552 599 mare,
561 550 631 592 sidera
641 551 716 593 morit.

131 622 219 664 Talibus
228 621 278 664 inde
288 622 357 664 modis
367 636 405 664 ora
414 622 548 678 indignantia
557 622 632 665 solvit:

162 696 229 736 «Non
239 708 277 750 ego
287 708 326 750 pro
336 693 413 736 mundi
424 708 489 750 regno
499 695 567 751 mappis
577 694 652 738 anxius
661 694 698 737 ilia

131 771 266 825 Tempestate
276 769 319 819 fui,
329 784 373 824 qua
381 780 470 812 centum
480 769 570 825 quisque
580 771 686 826 parabant

132 843 221 900 lnjieere
230 843 377 899 anguipedum
387 843 472 899 captivo
482 843 569 886 brachia
579 842 639 886 ereio.

133 919 201 967 Nam,
211 930 345 972 quamquam
355 915 413 958 ferus
423 916 489 958 bostis
498 924 556 967 erat,
566 927 638 959 tumen
648 916 701 959 iilud
713 920 743 961 ab
754 935 806 966 uno

132 992 237 1045 Corpore,
247 999 269 1032 et
278 1003 303 1031 ex
312 1003 355 1031 una
365 990 472 1045 pendebat
480 989 562 1044 origine
571 988 660 1032 belluna.

133 1063 197 1104 Nune
208 1060 272 1109 mihi,
282 1074 326 1115 qun
336 1071 406 1103 totum
418 1063 498 1103 Nereus
508 1062 652 1105 circumtonat
660 1063 752 1116 orbem,

131 1135 266 1176 Perdendum
276 1132 366 1176 mortale
376 1146 450 1189 genus.
459 1136 498 1176 Per
507 1133 598 1177 flumina
604 1134 657 1191 juro

131 1208 213 1259 infera,
221 1209 262 1250 snb
273 1218 339 1255 terras
348 1208 421 1264 Stygio
431 1207 526 1250 labentia
535 1208 596 1259 inco,

129 1284 212 1326 Cuncta
221 1282 280 1339 prius
291 1291 385 1325 tentato:
395 1283 432 1324 sed
442 1282 600 1325 immedicabile
609 1282 688 1326 vulnus

129 1358 183 1398 Ense
193 1355 343 1406 recidendum,
353 1368 380 1397 ne
388 1368 438 1411 pars
447 1355 529 1396 sincera
539 1355 644 1399 trabatur.

127 1431 184 1473 Sunt
193 1429 247 1471 mihi
256 1428 359 1481 Semidei,
369 1439 421 1470 sunt
431 1429 509 1471 rustica
519 1429 622 1481 numina,
632 1430 753 1487 Nympha,

128 1504 249 1559 Faunique,
261 1504 384 1560 Satyrique,
394 1513 416 1545 et
426 1502 548 1545 monticolae
557 1504 648 1546 Silvani:

129 1579 187 1636 Quos
196 1575 300 1631 quoniam
310 1575 356 1618 ooeii
366 1576 465 1618 nondum
475 1576 591 1632 dignamur
600 1577 695 1629 honore,

127 1653 184 1709 Quas
193 1650 303 1698 dedimus,
313 1658 369 1690 eerte
379 1659 445 1690 terras
455 1649 553 1692 habitare
562 1650 666 1693 sinamus.

127 1727 159 1766 Au
168 1724 230 1771 satis,
240 1736 253 1763 o
263 1721 348 1777 Superi!
361 1730 418 1763 tutos
428 1720 474 1763 fore
483 1721 568 1764 creditis
577 1721 635 1772 ilios.

126 1797 200 1854 Quum
211 1794 275 1843 mihi,
285 1794 322 1849 qui
332 1792 427 1843 tulmen,
436 1793 474 1848 qni
484 1806 520 1835 vos
530 1794 653 1850 habeoque.
664 1808 774 1854 regoqne‚

125 1869 230 1913 struxerit
239 1868 325 1909 insidias
335 1877 399 1909 notus
409 1865 493 1908 feritate
502 1868 616 1923 Lycaoni»

152 1940 306 1986 Confremuere
316 1953 403 1982 ornnes:
414 1938 533 1994 studiisque
542 1939 668 1983 ardentibus
677 1955 760 1986 ausum

124 2015 184 2059 Talia
193 2017 318 2071 deposcunt.
329 2014 374 2062 Sic,
383 2025 453 2068 quum
463 2026 540 2054 manus
550 2012 618 2068 impia
626 2014 686 2058 eavit

122 2092 230 2147 Sanguine
240 2092 334 2132 Caesareo
343 2090 466 2131 Romanum
478 2089 611 2144 exstinguere
621 2102 714 2141 nomen,

125 2168 248 2206 Attonitum
259 2170 322 2204 tantae
332 2160 405 2202 subito
415 2169 495 2202 terrore
504 2161 571 2203 ruiuae

124 2222 250 2279 liumantnn
260 2246 327 2290 qenut
336 2243 379 2285 een
390 2242 490 2289 totusque
499 2232 623 2289 perhorruit
631 2234 697 2276 orbis.
