1667 2592
118 174 158 227 146
266 175 595 219 Murtltottrflosttort
667 192 687 220 v.
703 180 751 222 183.

115 261 209 310 Mittere,
218 262 241 304 ln
251 262 291 304 hoc
301 262 361 305 bresit
369 263 456 319 signnm
464 264 490 305 de
500 277 609 309 marmore
618 275 687 320 gestu.

113 334 225 378 Proximus
234 336 285 379 huic
294 340 376 394 Ampyx
385 336 453 379 animi
462 336 585 394 plenissima
594 339 669 395 magni

113 408 200 450 Pectora
208 410 305 465 Lyncidae
314 409 385 465 gladio
393 410 457 466 petit;
467 410 532 466 inque
541 412 633 467 petendo

114 482 203 525 Dextera
212 484 310 540 diriguit,
320 498 359 527 nec
368 485 423 528 citra
432 495 503 536 mota,
513 499 551 528 nec
561 485 625 528 ultra.

113 558 140 599 At
150 556 233 609 Nileus,
242 558 311 614 quise
320 559 416 615 genitum
425 558 562 615 septemplice
571 559 621 602 Nilo

115 631 235 673 Ementitus
245 642 301 683 erat,
310 631 384 690 clypeo
393 646 479 688 qnoque
489 632 581 675 flumina
589 643 672 688 septem

114 706 207 760 Argento
216 705 306 760 partim,
315 706 394 761 partim
403 705 513 748 calaverat
522 718 587 756 auro,

116 777 233 833 «Adspice,
243 778 283 827 ait,
292 781 380 829 Persen,
390 789 468 821 nostru
478 778 597 835 primordia
606 778 689 833 gentis:

115 852 192 906 Magna
202 850 256 894 lares
265 852 338 895 tacitas
347 853 424 896 solatia
433 852 509 895 mortis
517 854 544 895 ad
554 853 655 902 umbras,

114 927 131 967 A
140 934 200 966 tanto
210 924 308 967 cecidisse
317 925 387 967 viro.»
397 928 447 968 Pars
456 925 533 968 ultima
542 924 598 969 vocis

114 999 138 1039 ln
149 998 221 1040 medio
230 1012 341 1053 suppressa
350 1012 403 1041 sono
413 1008 455 1049 est;
464 999 608 1054 adapertaque
617 996 671 1040 velle

113 1072 155 1113 Ora
165 1070 223 1126 loqui
233 1072 316 1120 credam
327 1085 365 1113 nec
374 1081 426 1114 sunt
435 1084 459 1113 ea
469 1070 540 1127 persia
549 1071 625 1113 verbis.

113 1146 211 1198 lnerepat
220 1142 270 1192 bos,
280 1144 399 1198 «vitioque
408 1142 487 1192 animi,
496 1146 541 1185 non
551 1141 657 1193 crinibus,
667 1141 753 1198 inquit,

112 1216 228 1273 Gorgoneis
239 1217 336 1273 torpetis,
347 1220 411 1275 Eryx:
423 1217 525 1260 incurrite
534 1229 632 1267 mecum,

113 1294 139 1334 Et
147 1289 274 1346 prosternite
283 1290 345 1332 humi
351 1289 455 1346 juvenem
466 1290 549 1345 magica
558 1302 619 1332 arma
628 1300 778 1333 moventem.»

112 1366 240 1405 Incursurus
248 1373 304 1413 eran
314 1363 383 1406 tenuit
392 1362 478 1418 vestigia
488 1362 564 1405 tellus:

112 1439 261 1491 lmnrotusque
269 1436 332 1487 silex,
341 1446 466 1492 armataque
477 1435 557 1478 mansit
565 1436 644 1491 imago.

141 1507 165 1549 lli
176 1517 248 1550 tamen
258 1522 282 1550 ex
292 1507 368 1551 merito
378 1520 464 1563 poensm
473 1508 568 1558 subiere3
578 1507 615 1549 sed
624 1520 682 1550 unns

114 1580 174 1623 Miles
183 1590 229 1622 erat
237 1581 315 1629 Persei,
325 1594 364 1635 pro
373 1594 417 1635 quo
426 1581 480 1623 dnm
489 1589 581 1636 pugnat,
590 1582 709 1633 Aconteus,

112 1656 211 1709 Gorgone
219 1663 343 1709 conspecta.
352 1667 403 1696 saxo
412 1653 520 1696 concrevit
528 1653 613 1696 oborto.

113 1731 183 1786 Quem
194 1737 252 1769 ratns
261 1730 359 1783 Astyages
366 1726 488 1769 etiamnum
498 1727 577 1778 visere,
585 1726 651 1782 longo

113 1805 167 1846 Ens'e
177 1802 225 1844 ferit
233 1817 238 1842 :
247 1801 319 1844 sonuit
329 1801 442 1845 tinnitibus
451 1801 507 1844 ensis
515 1802 589 1845 acutis.

112 1879 168 1919 llum
177 1885 249 1931 stupet
258 1878 368 1931 Astyages,
377 1884 478 1918 naturam
488 1875 551 1917 traxit
559 1875 672 1917 eamdem:

111 1953 274 2005 Marmoreoque
285 1959 358 1992 manet
366 1949 438 1992 vultus
447 1948 544 1992 mirantis
553 1947 575 1990 in
585 1962 627 1990 ore.

111 2023 207 2067 Nomina
215 2023 279 2079 longa
288 2037 348 2066 mora
357 2033 389 2066 est
399 2023 470 2065 media
479 2023 505 2063 de
513 2021 574 2078 plebe
583 2021 680 2065 virorum

113 2098 191 2139 Dicere.
201 2097 233 2140 Bis
243 2108 329 2140 eentum
341 2097 449 2140 restabant
458 2108 548 2150 corpora
556 2107 646 2150 pugnae:
684 2114 694 2127 κ

113 2171 210 2225 Gorgone
219 2171 252 2213 bis
261 2181 349 2214 eentum
358 2170 470 2226 riguerunt
478 2180 567 2223 corpora
577 2168 627 2209 visa.
