1667 2592
82 211 165 246 mro.
331 204 430 247 UBER
447 205 473 247 V·
679 205 717 257 ¹4⁷

110 291 202 336 Poenitet
210 291 285 349 injusti
294 306 352 336 nnnc
361 293 453 349 denique
462 293 540 337 Phinea
549 294 606 337 betti,

80 366 121 408 Sed
130 365 185 422 quid
194 371 255 422 agari
263 365 382 409 simulacra
390 367 448 410 videt
456 367 538 410 diversa
547 367 632 424 tiguris3

80 439 225 495 Agnoscitquc
234 453 296 491 suos,
305 449 327 482 ct
335 438 424 482 nomine
433 454 541 496 quemque
550 450 636 483 rocetos

76 512 148 555 Poscit
157 526 235 569 opem:
246 513 376 568 credensque
385 526 475 568 parum,
483 514 524 556 sibi
533 513 632 569 proximu
640 511 709 567 tangit

80 588 186 644 corpom
197 600 295 629 marmor
303 597 370 631 eraut.
380 587 497 639 Avertirnr3
507 597 571 643 utque
580 587 609 630 ita
617 587 718 642 supplex,

79 660 237 716 Confessusqne
246 674 334 712 munus,
344 660 475 716 obliquaque
483 660 572 703 brechia
581 661 681 703 tendens:

81 732 186 783 «Vincis,
195 733 237 783 ait,
247 735 336 775 Persen:
347 746 434 775 remove
444 731 489 775 fera
498 742 605 782 monstra,
616 742 700 788 tuoque

80 806 183 850 saxificos
192 805 276 858 vuitus,
286 820 420 862 quocunque
429 820 465 859 ea,
475 806 525 850 tolie
535 808 633 850 Medusoe.

79 879 151 928 Tolle,
161 892 243 935 precor.
252 879 301 921 Non
311 893 350 922 nos
359 880 446 931 odium,
456 879 540 936 regnive
549 880 628 937 cupido

79 951 191 1007 computu
200 951 228 993 ad
237 951 332 994 bellurn:
342 966 381 1008 pro
390 951 483 1008 conjuge
492 953 601 995 movimus
610 966 677 995 orma.

78 1026 150 1068 causa
159 1022 202 1066 fuit
212 1023 293 1066 meritis
302 1024 379 1066 mciior
387 1035 436 1076 tua,
447 1034 543 1082 tempore
552 1035 631 1069 nostra.

78 1099 130 1141 Non
139 1096 225 1141 cessisse
234 1098 297 1154 piget.
307 1098 377 1149 Nihil,
387 1114 400 1142 o
410 1098 536 1152 fortissime,
546 1106 623 1157 praet'cr

77 1173 138 1214 nanc
148 1170 245 1213 animam
254 1172 346 1213 concede
355 1172 422 1214 mibi:
433 1182 470 1215 tua
479 1183 548 1215 cetera
557 1182 629 1215 sunto.
635 1190 647 1212 u

107 1243 167 1287 Talia
177 1243 268 1295 dicenti,
276 1257 345 1299 neque
354 1258 417 1293 cum,
427 1258 493 1300 quem
502 1258 553 1287 voce
563 1246 662 1299 rogabat.

76 1318 188 1374 Respicere
197 1316 296 1368 audenti,
306 1334 318 1355 e
324 1317 397 1373 Quod,
406 1317 449 1366 ait,
458 1316 592 1359 timidissime
601 1315 692 1364 Phineu,

78 1394 104 1436 Et
114 1403 202 1448 possum
213 1390 322 1441 tribuisse,
332 1399 353 1432 et
362 1403 467 1446 magnum
478 1402 558 1432 munus
566 1388 630 1431 inerti
639 1398 671 1430 cst

78 1463 150 1521 (Pone
159 1462 268 1518 metum),
279 1462 374 1504 tribuam
382 1479 387 1503 :
396 1460 457 1503 nulio
466 1460 572 1503 violabere
581 1460 645 1503 ferro.

79 1538 136 1597 Quin
146 1537 212 1580 etiam
221 1550 324 1579 mansura
332 1537 389 1578 dabo
398 1545 541 1579 monumento
551 1549 589 1592 per
597 1549 677 1588 retum3

78 1614 146 1668 Inque
156 1611 222 1653 domo
230 1610 298 1653 soceri
308 1623 393 1666 semper
401 1611 524 1665 spectabere
532 1609 611 1663 nostri,

78 1688 107 1729 Ut
116 1698 164 1728 mea
173 1684 275 1740 responsi
284 1683 364 1726 soletur
373 1683 466 1739 imagine
475 1683 523 1740 conj
527 1697 560 1725 ux.
568 1700 579 1723 n

79 1757 147 1801 Dixit:
158 1767 180 1798 et
189 1755 210 1797 in
219 1765 303 1812 partem
313 1755 445 1812 Phorcynida
454 1756 562 1799 transtulit
571 1755 642 1808 ilium,

79 1834 111 1877 tu
120 1845 186 1889 quam
196 1845 218 1893 sc
228 1830 310 1886 trepido
319 1831 409 1873 Phineus
418 1832 539 1874 obverterat
548 1844 591 1873 ore.

79 1909 140 1951 Tunc
149 1917 237 1961 quoqne
245 1903 332 1953 conanti
341 1918 380 1946 sua
389 1904 473 1947 flectere
482 1904 566 1947 lumina
575 1904 644 1946 cervix

78 1979 181 2035 Diripuit,
190 1991 283 2032 seroque
292 1978 405 2020 oculorum
415 1978 513 2020 induruit
522 1978 608 2019 humor.

78 2054 120 2097 Sed
130 2064 202 2096 minen
212 2066 236 2093 os
246 2050 358 2100 timidum.
367 2051 482 2107 votumque
489 2051 512 2092 in
523 2063 630 2091 marmore
639 2046 736 2104 supplex,

77 2127 236 2181 Submissaeque
245 2138 334 2175 munus,
344 2124 450 2180 faciesque
459 2122 551 2165 obnoxio
561 2121 646 2163 mansit.

106 2200 181 2243 Victor
190 2196 317 2241 Abantiades
325 2197 405 2254 patrios
414 2209 466 2238 cum
475 2194 567 2250 conjuge
576 2208 649 2237 muros
