1667 2592
107 215 134 243 ao
259 201 587 244 marantourttosaott
660 215 681 243 v.
696 201 754 255 337.

106 290 210 340 Rumina,
220 305 267 345 quae
277 292 349 333 medio
359 291 458 346 concepit
467 301 492 334 ut
501 304 551 332 aera
560 299 639 346 ponto,

106 364 177 406 Litora
187 378 237 406 voce
247 365 325 421 replet.
335 366 376 407 sub
386 375 479 419 utroque
486 365 582 421 jacentia
591 365 680 407 Phoebo.

107 437 164 478 Tum
174 450 272 492 qnoque,
282 447 306 479 nt
315 451 354 479 ora
363 437 399 479 Dei
410 436 496 479 madida
507 438 602 479 rorantia
611 437 682 480 barba

107 508 212 563 Contigit,
221 518 243 551 et
252 509 329 551 cecinit
334 508 407 564 jussos
416 508 491 551 inssnta
500 518 608 565 receptus,

108 581 214 623 Omnibus
224 583 296 625 audita
306 594 338 625 est
348 583 429 625 telluris
438 592 460 625 et
468 583 559 637 equoris
569 582 645 625 undis:

108 656 134 697 Et
142 654 222 710 quibus
230 665 263 698 est
272 656 335 698 undis
344 656 429 705 audita,
439 656 534 698 coercuit
542 669 625 698 omnes.

107 730 157 770 Jam
167 742 227 770 mare
236 728 287 770 litus
296 730 374 771 habet:
385 728 459 785 plenos
468 728 526 784 capit
535 727 606 769 alveus
615 741 694 772 amnes
703 749 709 773 :

108 799 209 843 Flumina
219 802 346 844 subsidunt:
356 801 420 844 colles
430 802 486 843 exire
494 800 607 843 videntur:

109 873 181 929 Surgit
190 874 283 916 humus:
294 884 393 916 crescunt
402 874 449 915 ioca
458 874 628 916 decrescentibus
638 876 717 920 undis.

109 950 201 1004 Postque
209 948 267 990 diem
277 948 364 1003 longam
374 949 456 991 nudata
466 950 580 991 cacumina
588 949 645 992 silue

111 1023 243 1076 ostendunt,
252 1022 375 1079 limumque
385 1033 459 1067 tenent
467 1024 489 1066 in
499 1022 575 1067 fronde
585 1022 695 1069 relictum.

141 1173 195 1214 VIII.
201 1174 309 1214 Rannrrue
315 1172 627 1229 orbieerat;quempostquam
632 1174 807 1236 nutrimen,

112 1249 138 1290 Et
146 1244 252 1289 desolatas
261 1258 323 1302 agere
332 1245 375 1287 alta
384 1245 469 1288 silentia
479 1256 556 1297 terras,

112 1318 239 1370 Deucalion,
248 1319 349 1376 lacrymis
358 1320 389 1362 ita
398 1320 501 1376 Pyrrham
511 1318 598 1362 adfatur
607 1320 692 1364 obortis
702 1341 708 1366 :

113 1396 148 1436 «Ο
157 1395 228 1436 soror!
238 1407 251 1435 o
261 1392 352 1449 conjux!
363 1407 376 1434 o
386 1392 468 1434 femina
478 1391 523 1435 sola
532 1395 650 1449 superstes!

112 1468 183 1526 Quam
194 1479 311 1508 commune
321 1465 375 1507 mihi
386 1479 466 1521 genus,
476 1475 498 1508 et
506 1465 609 1521 patruelis
618 1466 691 1523 origo,

113 1541 192 1584 Deinde
202 1549 262 1582 torus
267 1538 352 1593 junxit;
363 1552 422 1580 nunc
431 1538 477 1594 ipsa
487 1538 581 1594 pericula
587 1538 700 1596 jungunt:

114 1615 241 1657 Terrarum.
251 1623 391 1665 quascunque
401 1609 473 1651 vident
482 1623 570 1652 occasus
578 1621 600 1652 et
609 1622 682 1664 ortus,

113 1690 159 1731 Noe
167 1688 212 1728 duo
222 1684 285 1727 turha
294 1696 377 1726 sumus.
388 1684 480 1726 Possedit
489 1693 558 1727 cetera
567 1694 654 1740 pontus.

114 1762 179 1803 Nunc
187 1771 274 1813 quoque
282 1755 353 1798 adhuc
363 1756 410 1799 viue
419 1770 464 1799 non
473 1766 505 1799 est
514 1756 593 1799 fiducia
602 1767 680 1801 uostrae

114 1836 177 1877 Certa
186 1831 236 1874 satis
245 1845 249 1869 :
260 1840 340 1873 terrent
349 1830 470 1873 etiamnum
480 1829 555 1872 nubila
564 1840 668 1873 mentem.

116 1907 172 1967 Quid
182 1904 233 1953 tibi,
243 1905 260 1945 si
270 1903 316 1945 siue
328 1916 362 1945 me
372 1901 422 1946 sutis
431 1913 504 1959 erepte
513 1902 599 1955 fuisses,

115 1985 180 2026 Nunc
190 1977 269 2027 animi,
276 1977 410 2028 miseranda,
420 1976 488 2019 foret!
497 1990 541 2031 quo
550 1976 594 2018 seia
604 1977 708 2023 umorem

116 2059 179 2100 Ferre
189 2052 254 2095 modo
263 2057 346 2108 possed
356 2065 400 2107 quo
409 2050 533 2093 consolante
543 2051 636 2093 doleres!
732 2100 737 2111 ·

116 2130 216 2183 Namque
226 2138 276 2182 ego,
286 2124 348 2167 crede
357 2122 423 2176 mihi,
432 2124 450 2166 si
459 2133 480 2167 te
489 2125 555 2166 modo
564 2134 643 2180 pontus
651 2125 759 2185 haberet,

117 2203 147 2245 Te
155 2213 261 2256 sequerer,
270 2197 363 2255 conjux:
373 2208 395 2242 et
404 2211 440 2241 me
449 2211 536 2255 quoque
544 2208 624 2255 pontus
633 2198 734 2248 haberet.
