1667 2592
91 187 121 242 94
245 181 576 226 Mertnonenoseou
647 187 732 227 uben.

91 276 148 319 lieu!
159 274 239 318 frustra
248 275 324 317 dilecte
333 276 397 331 puer!
409 273 543 329 totidemque
553 272 637 316 remisit

91 350 163 391 Verba
173 349 246 400 locus;
256 348 357 403 dictoque
368 347 431 397 Vale,
441 346 493 388 Vale
502 346 573 402 inquit
582 357 604 390 et
612 347 678 390 Echo.

92 422 130 466 llle
139 433 205 478 caput
215 422 275 464 viridi
285 421 366 463 fessum
376 420 478 463 submisit
486 420 509 462 in
519 420 599 463 herba:

93 496 187 539 Lumina
196 509 239 538 uox
248 494 341 545 claudit,
351 493 435 536 domini
446 493 547 536 mirantia
557 493 661 537 formam.

92 573 149 613 Tum
160 584 247 627 quoque
256 584 290 618 se,
300 579 415 625 postquam
425 578 458 610 est
466 567 552 610 inferna
562 569 611 611 sede
621 579 732 627 receptus,

94 646 119 687 In
130 644 200 700 Stygia
209 643 319 700 spectabat
329 657 390 698 aqua.
402 641 502 684 Planxere
510 655 595 684 seroces

96 717 200 764 Naiadcs.
210 727 231 759 et
240 726 309 758 sectos
319 700 380 758 fralri
389 729 481 771 posuere
489 715 584 771 capillos.

97 791 198 834 Planxere
207 802 229 834 et
239 791 342 848 Dryades:
352 790 504 845 plangentibus
514 791 606 834 adsonat
613 792 678 857 Eclpo.

97 866 190 919 Jamque
195 877 272 919 rogum
278 895 283 913 ,
289 877 420 919 quassasque
425 862 489 912 faces,
495 861 643 919 feretrumque
647 865 756 919 parabant
765 884 773 910 t

99 939 213 993 Nusquam
224 950 302 992 corpus
311 946 370 979 erat:
380 950 481 977 croceum
491 949 531 990 pro
540 950 630 993 corpore
640 937 717 980 liorem

99 1012 226 1063 inveniunt,
236 1010 293 1053 loliis
303 1010 400 1052 medium
411 1010 546 1066 cingentibus
555 1012 616 1053 albis.
675 1015 679 1022 '

131 1158 185 1201 Vlll.
197 1160 295 1202 eonem
306 1173 339 1201 res
350 1159 449 1202 meritam
459 1160 502 1202 rati
512 1174 551 1215 per
559 1159 662 1203 Achaidas
671 1162 739 1205 nrbes

102 1232 214 1277 Adtulerat
223 1233 305 1275 faniam
315 1251 318 1274 :
329 1247 453 1288 nomenque
462 1243 508 1275 erat
517 1234 604 1289 auguris
614 1234 697 1290 ingens.

105 1306 190 1363 Spernit
199 1305 324 1348 Echionides
334 1316 406 1348 tamen
416 1306 486 1355 hunc,
496 1320 521 1348 ex
532 1307 635 1350 omnibus
645 1321 704 1350 unus

104 1383 231 1425 Coutemtor
240 1384 359 1437 Superum,
368 1381 487 1423 Pentheus:
497 1395 634 1438 praesagaque
645 1383 701 1427 ridet

104 1458 177 1499 Verba
187 1456 252 1506 senis;
265 1457 405 1511 tenebrasque
414 1467 435 1498 et
445 1456 528 1498 cladem
539 1456 592 1499 lueis
601 1459 693 1502 ademtae

106 1533 191 1589 Objicit.
203 1533 237 1574 llle
248 1546 336 1574 movens
345 1532 439 1574 albentia
449 1541 547 1587 tempora
556 1533 627 1583 canis,

107 1610 197 1666 «Quam
209 1607 258 1649 felix
267 1622 332 1656 esses,
342 1607 359 1648 si
370 1617 393 1649 tu
403 1621 490 1662 qunque
500 1606 589 1648 luminis
599 1607 667 1663 hujus

106 1682 188 1725 Orbus.
198 1679 238 1727 ait,
250 1680 321 1726 lieres,
331 1693 370 1721 ncc
380 1679 469 1720 bacchia
478 1693 537 1721 sacra
547 1679 640 1722 rideres!

105 1757 197 1808 Jamque
207 1753 252 1794 dies
260 1754 339 1799 aderit.
346 1752 438 1807 jamque
448 1752 506 1793 haud
516 1751 591 1806 procul
601 1765 699 1807 auguror
708 1767 766 1809 esse,

109 1829 157 1885 Qua
167 1840 234 1867 novus
244 1825 286 1866 linc
297 1826 378 1871 veniat,
388 1824 458 1879 proles
468 1823 581 1873 Semeleia.
592 1825 662 1868 Liber.

109 1902 179 1955 Quem
190 1897 230 1939 nisi
241 1897 372 1951 templorum
383 1896 449 1938 fueris
459 1897 559 1951 dignatus
569 1897 663 1950 honore,

111 1975 169 2018 Mille
179 1973 235 2015 lacer
244 1984 342 2027 spargere
352 1971 414 2021 locis;
426 1982 447 2014 et
455 1972 560 2027 sauguine
569 1971 632 2014 silvas

111 2047 218 2091 Foetlabis,
230 2055 365 2100 matremque
375 2055 447 2088 tuam.
459 2046 576 2100 matrisque
585 2058 676 2089 sorores.

112 2119 225 2164 Evenient:
238 2132 307 2172 ungue
316 2118 374 2159 euim
384 2118 501 2172 dignabere
511 2130 592 2159 numen
602 2117 700 2161 bonore:

113 2194 190 2248 bleque
197 2191 240 2237 sub
249 2191 282 2234 his
292 2190 385 2234 tenebris
394 2189 490 2232 nimium
499 2189 575 2232 vidisse
583 2190 706 2246 quererisn
738 2231 740 2235 ,
