1667 2592
123 206 164 249 ²8²
274 201 603 247 tttttrtoarttosttort
677 201 758 254 mllp.

122 294 236 352 Indignere
244 293 323 351 magis,
333 291 441 352 Nymphis
449 291 520 335 latura
529 303 627 334 coronas.

121 370 190 425 Inque
198 368 248 412 sinu
257 381 361 425 puerum,
369 367 407 423 qui
416 366 516 408 nondum
525 363 653 421 impleverat
661 375 759 416 mam.

122 440 188 484 Dulce
197 439 280 484 ferebat
287 454 343 483 onus
350 438 475 496 *tepidique
482 452 523 494 ope
533 437 594 481 lactis
603 437 683 481 alebat.

122 512 185 556 lleud
193 512 270 568 procul
278 527 292 555 a
299 522 385 568 stagno,
393 511 469 568 Tyrios
477 510 563 569 imitata
571 509 667 562 colores,

122 586 149 628 ln
157 597 218 640 spem
227 585 344 628 baccarum
353 583 444 626 llorehat
452 583 551 639 aquatica
559 581 623 625 lotos.

122 659 236 715 Carpserat
243 658 294 702 hinc
302 661 398 716 myope,
407 671 463 714 quos
471 655 616 700 oblectamina
624 666 682 700 nato

122 731 253 788 Porriqeret‚
262 731 326 775 flores
333 747 339 773 :
347 740 370 774 et
377 730 437 773 idem
446 729 531 772 factura
539 728 638 782 videbam

122 805 224 861 Nemque
232 806 327 847 aderam.
337 802 386 846 Vidi
394 812 466 858 guttas
475 816 487 844 e
495 801 548 845 flore
556 811 661 845 cruentas

122 878 233 930 Recidere,
243 887 264 921 et
272 876 367 921 nemulo
375 889 448 918 minos
457 875 546 919 horrore
555 873 646 918 moveri.

122 951 218 1002 Scilicet,
228 960 254 994 nt
262 951 359 994 referunt
367 949 423 993 tardi
432 963 492 992 nunc
500 948 592 1004 denique
601 959 709 1005 agrestes,

123 1027 181 1070 Lotis
189 1025 213 1067 in
221 1025 277 1068 hanc
286 1025 397 1082 Nymphe,
406 1023 492 1081 lugiens
500 1024 600 1066 cbscoena
608 1023 693 1081 Priapi,

124 1099 251 1144 contulerat
259 1112 341 1151 versos,
350 1107 433 1142 serrato
441 1098 541 1150 nomine,
550 1097 631 1143 vultus.

156 1172 284 1216 «Nescierat
291 1185 353 1215 soror
360 1171 415 1214 hoc:
425 1185 473 1227 que
482 1184 551 1228 quum
561 1170 677 1227 perterrita
686 1181 746 1216 retro

124 1249 158 1291 lre
165 1279 171 1299 ‚
179 1256 202 1290 et
209 1245 303 1289 adoratis
311 1245 373 1289 vellet
381 1245 490 1288 discedere
499 1243 616 1302 Nymphis,

125 1325 237 1367 liecerunt
246 1322 316 1365 radice
324 1321 394 1378 pedes.
403 1319 525 1364 Convellere
534 1329 627 1376 pugnam

124 1397 171 1440 Nec
181 1395 312 1453 quidquam,
320 1392 363 1437 nisi
371 1406 470 1443 summa,
480 1401 562 1435 movet:
571 1393 688 1437 succrescit
696 1394 727 1437 ab
737 1395 794 1445 imo,

125 1469 223 1524 Totaque
231 1466 337 1523 paulatim
345 1465 417 1509 lentus
426 1465 505 1521 premit
513 1465 603 1521 inguina
611 1475 692 1510 cortex.

125 1541 154 1584 Ut
162 1540 226 1589 vidit,
236 1550 314 1583 conata
323 1552 390 1582 manu
399 1538 481 1581 laniare
489 1537 588 1594 capillos,

125 1613 209 1657 Fronde
216 1625 307 1655 manum
315 1611 423 1669 implerit:
431 1610 518 1656 frondes
524 1621 590 1668 caput
596 1625 663 1656 omne
671 1615 784 1658 tenebant.

124 1687 152 1730 dt
160 1698 214 1743 puer
222 1685 346 1740 Amphissos
355 1685 464 1742 (namque
473 1684 514 1726 hoc
523 1698 575 1727 arus
583 1675 679 1743 Eurytus
687 1686 721 1730 illi

124 1757 241 1804 Addiderat
248 1757 343 1814 nomen)
353 1767 451 1801 materna
459 1758 561 1814 rigescere
570 1758 636 1801 scunt

124 1834 204 1877 Ubera:
215 1845 254 1874 nec
263 1830 361 1885 seqtritur
370 1831 486 1873 ducentem
495 1830 576 1873 lacteus
584 1831 674 1875 humor.

121 1905 242 1964 Spectatrix
250 1904 338 1946 aderam
346 1902 387 1946 feti
396 1903 499 1956 crudelis,
509 1918 615 1961 opemque

125 1980 176 2022 Non
184 1987 283 2034 poteram
293 1975 332 2018 tibi
341 1974 407 2027 ferre,
416 1989 489 2029 soron
498 1988 649 2035 quantamque
659 1979 772 2035 valebam,

124 2053 260 2094 Crescentem
269 2059 372 2093 auncum
382 2062 497 2106 ramosque
505 2051 615 2108 amplexa,
624 2055 744 2098 morabar:

124 2124 161 2175 Et,
171 2121 246 2173 fateor,
256 2121 314 2164 solui
322 2122 363 2164 suh
372 2123 450 2165 eodem
458 2125 537 2167 cortice
545 2124 617 2167 condi.

125 2197 178 2238 Ecce
186 2194 219 2240 tir
227 2193 367 2249 Andraemon,
376 2196 502 2253 genitorque
511 2196 658 2253 miserrimas,
668 2199 762 2251 adsunt,
