1667 2592
140 188 169 241 84
292 188 619 230 METtttoueuosuou
693 191 782 247 ’.234

139 275 230 318 Tardius
239 276 344 326 exierant,
353 277 390 318 sed
399 289 437 331 per
445 276 573 331 compendio
583 276 666 320 montis

140 348 259 405 Anticipoto
268 350 301 391 via
310 358 348 392 est.
357 350 475 392 Dominum
486 349 627 392 retinentibus
637 349 692 401 illis,

139 422 214 463 Cetera
223 421 286 463 turba
296 421 350 470 coit,
360 420 485 477 confertque
494 421 517 462 in
526 434 616 477 corpore
624 422 709 465 dentes.

139 494 189 534 lom
198 492 244 534 loca
254 492 378 535 vulneribus
387 494 476 535 desunt:
486 492 552 549 gemit
561 492 608 544 ille,
617 507 758 550 sonumque,

140 565 183 608 Etsi
193 578 236 607 non
245 565 350 616 hominis,
360 580 426 621 quem
435 579 480 608 non
490 576 562 609 tamen
571 567 633 609 edere
643 569 714 623 possit

140 641 229 690 Cervus,
239 639 316 682 habet:
327 641 449 695 moestisque
458 639 525 695 replet
531 639 584 696 juga
594 650 647 683 nou
655 642 766 697 querelis:

140 714 166 755 Et
175 713 265 767 genibus
274 713 362 769 supplex
370 713 456 769 positis,
465 712 582 768 similisque
592 714 689 769 roganti,

140 783 270 828 Circumfert
279 786 365 835 tacitos,
376 796 480 841 tanquam
489 799 529 828 sua
538 786 637 837 brachia,
647 786 730 831 vultus.

169 860 196 900 tr
205 858 294 900 comites
303 858 403 913 rapidum
412 857 479 900 solitis
488 857 611 901 hortatibus
620 871 702 915 agmen

140 931 210 987 ignari
220 931 332 986 instigant,
341 931 451 986 oculisque
460 933 558 974 lctaeona
567 942 679 988 quaerunt;

141 1007 166 1048 Et
175 1004 233 1047 velut
241 1005 351 1047 absentem
361 1006 459 1048 certatim
468 1008 567 1048 Actaeona
576 1006 680 1050 clament.

141 1079 172 1121 td
181 1091 261 1123 nomen
270 1087 334 1133 caput
343 1077 378 1119 ille
387 1077 463 1129 refert,
474 1089 498 1121 ut
507 1080 579 1122 abesse
587 1090 720 1136 queruntur,

141 1155 186 1195 Nec
195 1166 269 1208 cepere
279 1152 355 1194 oblate
364 1165 451 1208 segnem
460 1153 581 1209 spectacula
591 1156 676 1210 predo.

141 1226 209 1269 Vellet
218 1226 290 1268 abesse
300 1225 398 1280 quidem3
408 1227 445 1269 sed
454 1228 526 1269 adest:
536 1226 640 1282 velletque
650 1228 736 1283 ridere,

141 1302 191 1342 Non
200 1299 266 1342 etiam
275 1299 353 1342 sentire
362 1313 442 1341 canum
452 1300 497 1342 fera
506 1300 563 1344 facta
573 1316 673 1347 suorum.

141 1374 240 1429 Undique
249 1374 390 1416 circumstant
399 1389 404 1424 3
412 1374 530 1428 mersisque
539 1375 560 1417 in
571 1389 662 1432 corpore
673 1380 747 1423 rostris

141 1447 261 1490 Dilacerant
269 1446 316 1488 fulsi
326 1446 440 1489 domiuum
449 1433 490 1487 sub
499 1446 593 1502 imagine
602 1451 667 1494 cervi.

142 1522 198 1571 Nec,
208 1519 248 1561 uisi
257 1519 318 1562 linita
328 1532 366 1574 per
375 1517 470 1573 plurima
478 1518 567 1561 vulnera
576 1521 631 1573 vitu,

141 1594 176 1634 Iro
185 1592 310 1648 pharetrate
320 1591 388 1634 fertur
397 1593 473 1635 sauata
482 1592 559 1636 monn.

170 1740 206 1781 IV.
217 1741 296 1782 buiron
305 1740 327 1781 iu
336 1741 439 1796 ambiguo
448 1751 492 1784 est:
502 1741 548 1784 aliis
557 1742 673 1788 violentior
680 1761 744 1805 aquo

141 1814 193 1857 Viso
203 1814 243 1854 Dea
253 1822 295 1862 est;
304 1812 340 1854 alii
349 1813 450 1863 laudant,
459 1814 590 1871 dignamque
598 1830 674 1861 severa

142 1885 268 1942 virginitate
278 1895 361 1928 vocant.
370 1888 420 1929 Pers
429 1886 510 1930 invenit
519 1897 610 1943 utruque
620 1904 705 1936 musas.

142 1958 190 2001 Solu
198 1957 255 1999 lovis
263 1955 342 2012 conjux
351 1969 395 1998 non
405 1967 450 2001 tam
460 1958 558 2013 culpetne
567 1962 673 2016 probetne

142 2029 261 2084 Eloquitur,
269 2041 336 2084 quarn
346 2028 405 2070 clade
413 2029 492 2071 domus
501 2030 528 2071 ub
538 2033 633 2086 Agenore
642 2034 715 2080 ductu

143 2102 237 2152 Gaudet;
247 2111 268 2143 et
276 2115 289 2142 a
298 2100 360 2157 Tyria
369 2100 483 2144 collectum
493 2103 567 2158 pellice
577 2105 681 2151 transfert

141 2175 168 2216 ln
177 2174 258 2229 generis
267 2174 336 2217 socios
344 2173 430 2216 odium:
440 2175 499 2218 subit
507 2189 555 2219 eece
565 2177 631 2233 priori
