1667 2592
85 210 105 239 v.
118 198 167 265 ⁵⁸⁰:
332 194 433 235 trena
450 193 477 236 V.
584 237 585 240 ,
681 195 718 237 tdt

85 287 137 336 Sed,
146 283 246 341 quamvis
255 281 332 326 forma
341 297 455 339 nunquam
464 283 518 326 mihi
527 282 587 327 fama
596 284 663 341 petita
671 293 714 337 est,

86 357 190 415 Quamvis
199 355 262 400 torus
271 368 342 405 eram,
352 353 454 398 formosae
463 369 544 399 nomen
553 355 675 399 habebam:

85 431 130 472 Nee
139 443 190 471 meo
198 442 234 471 me
243 427 308 470 facies
317 427 412 470 nimium
421 428 508 472 laudata
514 429 617 484 juvabat3

85 503 176 558 Quaque
185 500 231 543 aliae
241 501 333 556 gaudem
341 499 422 550 solent,
431 513 470 556 ego
479 500 558 543 rustica
567 502 617 544 dote

83 573 185 630 Corporis
193 574 283 624 erubui,
292 572 417 628 crimenque
426 571 509 628 placere
518 573 598 629 putavi.

84 649 148 691 lassa
158 648 279 691 revertebar
287 645 408 704 (memini)
418 645 565 704 Stymphalide
574 645 634 689 silva.

85 727 154 766 AEstus
164 732 221 773 erat,
231 734 380 779 magnumque
390 720 453 764 labor
461 721 606 779 geminaverat
613 729 705 765 aetum:

84 795 174 838 Invenio
182 796 228 838 sine
238 795 317 838 vortice
326 809 404 851 aquas,
413 794 460 837 sine
468 808 582 837 murmure
591 805 678 846 euntes,

83 870 208 926 Perspicuae
216 868 272 919 imo;
281 882 320 924 per
328 882 382 924 quas
391 867 533 911 numerabilis
541 867 584 911 alte

82 943 184 988 Calculus
192 944 264 986 omnis
273 954 330 998 erat;
338 957 392 998 quas
402 952 426 987 tu
435 942 469 985 vix
478 942 509 985 ire
517 952 610 999 putares.

83 1018 142 1060 Cana
151 1016 226 1059 salicta
235 1016 326 1067 dabant,
335 1016 461 1072 nutritaque
469 1016 563 1073 populus
571 1018 643 1069 unda,

83 1092 164 1148 Sponte
173 1103 213 1132 sua
221 1099 283 1132 natas
292 1089 344 1146 ripis
352 1090 470 1133 declivibus
480 1091 576 1134 umbras.

83 1164 165 1208 Accessi
174 1181 179 1205 ε
189 1163 328 1220 primumque
337 1164 397 1219 pedis
406 1164 494 1221 vestigia
502 1165 566 1216 tinxi3

83 1237 167 1294 Poplite
176 1238 252 1279 deinde
262 1246 330 1280 tenua.
340 1239 415 1292 Neque
424 1251 450 1279 eo
459 1229 572 1289 contenta,
581 1238 691 1294 recingor,

83 1312 201 1367 Molliaque
210 1311 299 1366 impono
308 1310 368 1353 salici
377 1309 484 1352 velamina
493 1323 576 1353 curva:

83 1385 193 1438 Nudaque
202 1396 288 1438 mergor
296 1382 364 1439 aquis.
374 1384 433 1439 Quas
442 1383 496 1426 dum
506 1382 613 1438 ferioque,
623 1383 740 1439 trahoque,

85 1457 143 1501 Mille
153 1456 223 1499 modis
231 1456 316 1505 labens,
325 1469 456 1512 excussaque
465 1456 553 1498 brachia
559 1456 629 1512 jacto,

85 1529 164 1572 Nescio
173 1529 233 1584 quod
241 1528 312 1570 medio
320 1528 377 1570 sensi
385 1529 427 1570 sub
437 1527 520 1584 gurgite
528 1541 644 1573 murmur:

85 1604 211 1658 Territaque
221 1602 294 1645 insisto
304 1602 409 1659 propioris
418 1602 515 1659 margine
524 1602 582 1659 ripae.

85 1679 135 1734 Quo
145 1690 257 1733 properas,
266 1676 382 1719 Aretltusat
390 1676 435 1720 suis
444 1676 537 1733 Alpheus
545 1677 573 1719 ab
583 1678 658 1731 undis,

87 1752 137 1808 Quo
145 1753 259 1805 properast
268 1748 347 1791 iterum
357 1762 423 1792 rauco
433 1749 487 1792 mihi
496 1750 578 1794 dixerat
586 1765 630 1795 ore.

87 1824 148 1866 Sicut
156 1835 228 1872 eram,
237 1820 297 1878 fugio
307 1822 352 1865 sine
362 1823 469 1866 vetitus:
479 1822 546 1866 altera
555 1833 622 1867 vestes

86 1896 140 1952 Ripa
149 1908 208 1937 meas
216 1894 300 1937 habuit
309 1896 379 1937 'lanto
389 1895 458 1952 magis
466 1895 532 1939 instat
538 1905 563 1939 et
571 1897 644 1940 ardet:
676 1913 678 1919 ’

84 1971 111 2012 Et
119 1967 171 2024 quia
179 1968 238 2010 nuda
247 1967 291 2018 lui,
300 1981 350 2011 aum
359 1968 402 2011 visa
411 1969 507 2024 paratior
514 1968 552 2011 illi.
625 2016 628 2021 ¹

85 2040 120 2083 Sic
129 2053 169 2095 ego
178 2040 304 2091 currebam
314 2040 344 2082 sic
353 2054 389 2082 me
399 2040 458 2083 ferus
465 2039 500 2083 ille
509 2041 632 2097 premebat;

87 2115 115 2157 Ut
124 2113 199 2168 fugere
208 2112 331 2168 accipitrem
341 2126 412 2168 penna
422 2112 541 2168 trepidante
550 2111 669 2165 columba,

86 2189 115 2231 Ut
121 2186 177 2231 solet
185 2186 287 2244 accipiter
295 2187 388 2244 trepidas
396 2186 478 2243 agitare
486 2184 604 2228 columitas
