1667 2592
78 188 164 240 wlpra.
328 187 428 228 ttttn
445 186 471 227 V.

78 278 213 320 contortum
222 276 294 318 valido
303 286 412 332 sceptrum
422 275 492 331 regale
501 275 580 319 lacerto

78 348 189 391 Condidit.
200 351 244 391 icta
253 350 310 391 viam
323 348 385 391 telius
394 350 417 391 in
427 350 515 392 Tartara
524 349 585 401 fecit,

78 423 106 464 Et
116 435 198 478 pronos
207 436 284 465 currus
294 423 366 464 medio
375 432 457 465 cratere
467 422 552 478 recepit.

80 498 107 539 At
116 498 200 552 Cyane,
211 507 339 553 raptamque
349 499 426 545 Deam
435 505 589 551 contemtoque
598 495 664 538 fontis

80 572 134 612 lura
143 570 178 612 sui
189 584 291 620 moerens.
301 569 455 613 inconsolabile
464 568 543 612 vuinus

83 645 155 685 Mente
165 643 219 698 gerit
228 643 304 693 tacita.
314 643 458 700 lacrymisque
468 642 593 686 absumitur
601 643 685 686 omnis:

82 717 119 767 Et,
129 729 225 771 quarum
238 714 310 759 fuerat
320 729 426 770 magnum
436 715 502 757 modo
512 728 606 766 numen,
615 715 638 757 iu
647 714 694 757 iilos
722 738 726 747 η

82 793 218 833 Extenuatur
227 805 300 846 aquas.
311 791 388 833 Molliri
399 790 499 832 membra
507 790 600 844 rideres,

83 867 135 907 Ossa
144 864 190 920 pati
200 863 278 915 ssexus,
288 878 371 919 ungnes
381 863 476 919 posuisse
486 864 591 920 rigorem

83 939 199 994 Primaque
209 939 235 979 de
245 947 290 980 toto
300 937 426 980 tenuissima
435 950 526 993 queque
536 937 668 993 liquescunt,

82 1009 174 1055 cerulei
183 1010 263 1060 crines.
273 1010 386 1066 digitique,
396 1021 418 1053 et
428 1024 502 1062 crura,
512 1012 631 1068 pedesque:

85 1087 144 1128 Nam
154 1083 225 1126 brevis
235 1084 257 1126 iu
267 1084 346 1140 gelidas
356 1085 460 1128 membris
470 1085 560 1128 exilibus
570 1086 639 1128 undas

85 1158 199 1202 transitus
206 1168 243 1200 est.
252 1161 300 1201 Post
307 1159 351 1200 haec
360 1168 495 1214 tergumque,
506 1158 642 1214 humerique,
647 1158 754 1214 latusque,

86 1235 218 1287 Pectoraque
228 1230 251 1272 in
259 1240 333 1273 tenues
342 1232 424 1274 abeunt
433 1231 523 1273 evanida
532 1231 595 1273 rivos.

86 1307 184 1362 Denique
192 1319 232 1361 pro
241 1305 288 1347 viro
298 1304 383 1347 vitiatas
391 1305 496 1360 sanquine
505 1317 569 1346 venas

86 1379 187 1438 Lympha
194 1378 263 1430 subin
273 1388 381 1433 restatque
389 1376 458 1429 nihii,
467 1377 527 1432 quod
535 1377 639 1432 prendere
648 1377 721 1434 possis.

117 1528 164 1569 Vll.
173 1529 268 1569 inrum
278 1526 360 1582 pavidae
369 1525 518 1581 nequidquam
528 1524 574 1568 tilio
582 1524 648 1568 metri

89 1601 197 1645 Omnibus
206 1611 238 1644 est
248 1601 319 1651 terris,
329 1601 389 1643 omni
399 1601 488 1657 quesita
496 1600 613 1657 profundo.

89 1677 152 1719 iilam
162 1689 207 1718 non
217 1675 286 1717 rutilis
295 1675 381 1718 veniens
390 1678 473 1718 Aurora
482 1674 563 1732 capillis

90 1754 214 1796 cessantem
224 1750 288 1800 vidit,
298 1763 342 1792 non
352 1752 469 1806 Hesperus:
480 1750 517 1792 illa
525 1751 611 1794 duabus

91 1825 232 1871 Flammifera
241 1826 305 1881 pinus
315 1825 417 1867 monibus
425 1824 537 1868 succendit
546 1825 573 1867 nh
584 1828 654 1874 AEtno3

92 1901 173 1954 Perque
182 1898 297 1955 pruinosas
307 1897 357 1940 tulit
366 1896 482 1952 irrequieta
492 1898 597 1939 tenebras.

92 1975 185 2024 Romus,
195 1983 220 2016 ut
228 1971 287 2014 alma
297 1972 342 2014 dies
351 1972 463 2015 hebetaret
472 1971 554 2020 sidera,
563 1979 640 2013 uotam

91 2048 145 2090 Solis
155 2048 182 2090 ad
192 2059 307 2095 occasum,
316 2045 371 2087 Solis
380 2045 491 2101 querebat
499 2042 527 2085 ab
538 2051 595 2084 ortu.

92 2123 155 2165 Fessa
163 2121 238 2164 lobore
247 2119 307 2162 sitim
316 2118 443 2175 collegerat,
452 2128 533 2172 oreque
542 2113 597 2156 nulii

94 2195 218 2255 Coiiuerant
228 2193 310 2244 iontes5
320 2205 390 2247 quum
400 2199 481 2234 tectam
490 2185 595 2231 stramine
604 2188 657 2230 vidit

645 2274 677 2303 rr.
