1667 2592
91 157 129 196 tad
238 154 563 197 Metanroltrflostott
635 155 717 204 v.607.

90 245 181 288 Acrisius
190 256 296 300 superest,
305 246 342 300 qui
353 244 459 286 moeuibus
469 254 540 286 arceat
550 243 609 286 urbis

90 316 200 372 Argolica
209 327 326 372 contraque
336 318 403 358 Mum
414 315 468 358 ferat
477 330 549 366 arma,
558 329 668 372 [penusque

90 393 139 432 Non
149 401 209 446 putet
218 404 262 432 esse
270 390 339 432 lovis:
349 404 418 444 neque
427 389 485 431 enirn
495 389 551 431 Jovis
560 403 604 432 esse
613 390 705 445 putabat

90 465 175 513 Persea,
183 477 249 519 quern
258 462 330 518 pluvio
340 464 409 504 Danae
418 472 544 519 conceperat
553 477 613 505 auro.

92 538 141 578 Mox
151 546 223 579 tamen
232 536 347 587 Acrisium,
358 536 431 592 (tanta
440 545 471 578 est
480 538 591 593 presentia
600 537 669 592 verit)

93 611 110 652 T
111 624 146 652 am
157 610 243 653 violasse
253 613 332 662 Deum,
341 624 409 667 quam
418 624 560 666 nonagnosse
570 620 682 666 nepotem,

93 683 187 726 Poenitet.
198 684 312 739 impositus
318 684 366 740 jam
376 683 429 726 eoelo
438 694 470 726 cst
478 683 544 726 alter:
554 694 576 726 ut
585 683 638 726 alter

93 755 177 811 Viperei
188 756 280 798 referens
289 755 381 812 spolium
392 756 533 798 memorabile
543 756 633 799 monstri

93 830 147 871 tera
155 830 257 884 carpebat
265 838 362 871 tenerum
372 829 511 871 stridentibus
521 828 566 871 alis.

94 903 210 956 Quumque
219 914 283 956 super
291 901 378 957 Libycas
388 901 455 944 victor
464 902 565 956 penderet
573 914 659 951 arenas,

95 974 199 1030 Gorgonei
208 975 282 1030 capitis
291 985 355 1030 guttte
364 974 457 1017 cecidere
467 985 573 1017 eruente:

95 1051 153 1105 Quas
161 1050 242 1091 humus
250 1060 347 1105 exceptas
356 1050 427 1092 varios
435 1049 539 1093 animarit
548 1049 570 1113 in
580 1063 672 1106 anguem

96 1122 155 1163 Unde
165 1119 265 1176 frequens
274 1120 310 1163 illa
318 1130 360 1172 cst,
368 1121 487 1177 infestoque
498 1130 552 1163 terra
561 1120 662 1163 colubris.

96 1194 147 1234 Inde
157 1205 194 1247 per
202 1193 334 1235 immensum
344 1194 411 1236 ventis
420 1193 554 1235 discordibus
563 1203 636 1244 actus,

96 1267 159 1308 Nunc
169 1265 223 1316 huc,
234 1279 292 1308 nunc
301 1265 362 1316 illuc,
372 1265 469 1322 exemplo
478 1265 542 1308 nubis
551 1279 648 1321 aquoste,

97 1340 177 1389 Fertur,
187 1347 208 1381 et
217 1352 241 1380 ex
250 1337 293 1381 alto
303 1339 400 1381 seductas
409 1338 486 1381 :ethere
495 1337 558 1394 longe

98 1413 207 1465 Despectat
218 1420 293 1461 terres;
304 1421 417 1466 totumque
427 1410 549 1466 supervolat
558 1412 640 1454 orbem.

96 1486 138 1526 Ter
147 1484 224 1539 gelidas
234 1487 317 1534 Arctos,
328 1494 359 1526 ter
368 1485 442 1526 Cancri
452 1484 538 1527 braclria
549 1484 613 1527 vidit:

98 1559 155 1612 Saepe
164 1557 205 1599 sub
214 1570 312 1607 occasus,
321 1571 375 1614 sepe
383 1567 415 1600 est
424 1558 508 1600 ablatus
518 1557 540 1599 in
549 1568 615 1600 ortus.

98 1633 189 1685 Jamque
198 1630 286 1672 cadente
295 1631 340 1681 dic,
350 1630 429 1672 veritus
438 1644 460 1673 sc
469 1631 553 1672 eredere
563 1631 634 1681 noeti,

99 1702 198 1746 constitit
207 1702 317 1758 Hesperio,
327 1704 396 1758 regnis
405 1703 506 1755 Atlantis,
516 1704 537 1746 in
548 1705 611 1756 orbe;

100 1774 245 1830 Exiguumque
254 1775 307 1830 petit
316 1775 423 1830 requiem,
434 1777 487 1818 dum
497 1776 648 1833 luciferique

101 1849 178 1890 Erocet
187 1849 283 1897 durem,
292 1861 368 1889 currus
377 1849 459 1890 Aurora
468 1848 564 1892 diurnos.

66 1973 70 1981 .
130 1923 167 1963 Hic
176 1920 291 1963 bominum
300 1931 389 1963 cunctos
396 1920 478 1978 ingenti
487 1935 577 1979 corpore
585 1932 690 1979 prestans

102 1996 242 2053 Iapetionides
250 1996 306 2039 Atlas
316 1995 363 2039 fuit
373 1996 454 2039 Ultima
463 1996 525 2039 tellus

103 2073 157 2126 Rege
165 2071 206 2114 sub
215 2071 268 2122 hoe,
278 2081 300 2114 et
308 2080 387 2127 pontus
395 2081 452 2124 erat,
461 2072 500 2128 qui
508 2072 562 2115 Solis
571 2070 656 2115 anhelis
