1667 2592
120 215 161 244 aro
271 200 603 246 Murtuotteuosuou
678 203 764 257 udilo.

120 291 146 333 Et
155 303 182 333 uc
191 290 219 333 sit
228 289 341 341 scelerata,
351 290 404 334 facit
412 290 489 333 scelus.
499 292 562 333 Haud
571 300 646 333 tamen
656 288 715 335 ictus

120 363 166 406 Ulla
176 378 228 407 suos
237 376 333 421 spectare
344 373 425 421 potest;
437 365 555 422 oculosque
565 364 694 419 reflectunt,

120 439 222 495 Caecaque
231 440 284 482 dant
293 439 352 482 savis
362 452 441 481 aversa
450 438 539 481 vulnera
548 439 636 481 dextris.

121 511 169 562 ille,
179 526 256 556 eruore
266 512 346 564 fluens,
357 512 432 555 cubito
442 522 516 555 tamen
525 511 611 555 adlevat
620 522 697 556 artus:

123 586 280 644 Semilacerque
290 597 338 631 toro
348 601 477 643 consurgere
486 596 565 638 teutat3
575 597 597 630 et
606 586 665 630 inter

122 662 163 704 Tot
173 663 257 705 medius
267 662 348 719 gladios
357 660 460 719 pallentia
469 662 558 704 brachia
568 662 672 712 teudeus3

124 736 199 793 «Quid
209 734 290 787 facitis,
300 741 382 793 guam?
391 737 444 792 quid
455 750 492 779 vos
501 736 524 778 in
534 736 578 779 iata
587 737 687 792 parentis

123 812 211 853 Armati
220 811 256 854 ait.
264 828 275 850 u
285 810 384 855 Cecidere
394 810 437 853 illis
446 810 558 867 animique
568 824 703 867 manusque.

123 882 187 926 Plura
196 882 297 927 locuturo
307 898 358 927 cum
369 884 439 926 verbis
449 892 538 939 pictura
546 882 632 926 Colchis

124 955 228 1007 Abstulit,
237 966 259 999 et
268 956 342 999 calidis
352 956 461 999 laniatum
471 956 545 999 mersit
553 956 620 999 aenis.

153 1102 189 1146 VI.
201 1103 264 1159 Quos
272 1102 314 1146 nisi
323 1103 423 1159 pennatis
432 1103 568 1160 serpentibus
577 1104 628 1147 isset
636 1104 661 1147 in
671 1119 753 1159 auras,

126 1178 176 1219 Non
185 1186 269 1220 exemto
279 1175 335 1220 foret
344 1191 418 1233 poenae.
429 1178 492 1233 Fugit
501 1177 544 1221 alta
553 1191 663 1234 superque

126 1251 199 1295 Pelion
208 1253 351 1303 umbrosum,
361 1252 466 1311 Philyreia
477 1263 543 1304 tecta,
552 1267 663 1310 superque

127 1328 222 1385 Othryn.
231 1336 253 1370 et
261 1336 339 1369 eventu
349 1326 427 1369 veteris
436 1326 484 1368 loca
493 1338 545 1369 nota
554 1327 663 1370 Cerambi.

128 1402 166 1444 ilic
176 1415 216 1457 ope
227 1401 379 1458 Nympharum
389 1399 489 1443 sublatus
498 1400 520 1442 iu
530 1414 580 1443 aera
588 1401 680 1457 pentus,

128 1475 203 1532 Quum
213 1473 281 1527 gravis
290 1472 363 1516 infuso
373 1472 437 1516 tellus
447 1472 503 1515 foret
512 1473 592 1516 obruta
601 1484 684 1530 ponto,

127 1548 281 1591 Deucalioneas
290 1546 369 1604 effugit
378 1547 495 1590 inobrutus
505 1548 581 1590 undas.

128 1621 218 1664 AEoliam
227 1621 315 1664 Pitanen
325 1636 338 1663 a
347 1621 398 1664 leva
407 1630 469 1678 parte
479 1621 592 1677 relinquit,

127 1698 234 1751 Factaque
243 1694 270 1737 de
279 1708 329 1737 saxo
339 1694 397 1751 longi
407 1695 523 1737 simulacra
533 1694 646 1746 draconis5

127 1770 254 1824 ldaeumque
264 1782 352 1817 nemus,
361 1782 417 1823 quo,
427 1767 472 1811 nati
483 1767 540 1811 lurra
547 1801 553 1817 ,
558 1767 685 1825 juvencum

129 1841 230 1886 occuluit
238 1841 301 1884 Liber
310 1840 357 1883 falsi
368 1842 408 1883 sub
418 1842 513 1898 imayiue
523 1841 589 1890 eerri;

130 1918 221 1974 Quaque
230 1924 291 1971 pater
299 1913 387 1972 Corythi
396 1928 463 1970 parva
473 1914 595 1957 tumulatus
604 1927 684 1968 arena,

129 1989 156 2031 Et
164 2001 218 2043 quos
228 1989 291 2031 Maera
302 2000 358 2029 novo
368 1985 448 2029 latratu
459 1987 535 2030 terruit
543 2000 612 2043 agros.

129 2060 275 2119 Eurypylique
284 2061 373 2110 urbem,
382 2074 426 2115 qua
434 2063 483 2103 Coce
491 2074 574 2103 cornua
583 2070 665 2104 matres

130 2136 255 2187 Cesserunt,
266 2144 314 2178 turn
323 2148 393 2192 quum
403 2135 521 2179 discederet
531 2134 626 2178 Herculis
636 2148 731 2190 agmen:
