1667 2592
113 4 115 7 ’
187 4 222 62 ’ἢ

117 178 158 220 sto
269 178 601 222 METAMORPBOSEON
675 192 698 221 r.
711 180 765 221 286.
790 218 794 227 .

116 266 255 318 Herculis‚et
264 267 375 310 decimum
384 278 522 326 premeretur
529 268 598 311 sidere
606 267 710 324 signnm,
822 312 823 320 ἶ

117 341 228 384 Tendebat
237 341 329 397 gravitas
339 351 428 385 uterum
438 342 505 384 mihi:
515 343 618 398 quodque
627 341 742 392 ferebam,
822 340 823 353 ³

118 417 214 458 Tantum
224 425 281 466 erat,
292 425 317 458 ut
325 429 398 471 posses
407 425 520 459 auctorem
530 415 601 458 dicere
611 415 661 459 teeti

117 487 219 530 Ponderis
228 501 272 530 esse
281 489 356 530 lovem
364 505 370 541 ;
378 502 417 530 nee
423 488 471 544 jem
482 487 574 531 tolerare
582 486 668 530 labores

119 560 212 603 Ulterius
221 571 334 617 poteram
344 561 397 617 quin
407 575 467 604 nune
476 575 563 617 quoque
573 560 666 616 frigidus
674 569 752 612 artus,

119 635 176 677 Dum
182 634 266 690 loquor,
272 635 566 691 horrorhabet;parsqueest
572 635 699 677 meminisse
704 634 799 678 doloris.

119 708 205 763 Septem
215 721 255 764 ego
264 721 303 764 per
311 717 396 757 nectes,
406 707 497 752 totidem
506 708 604 751 cruciata
613 708 705 758 diebus,

120 782 183 823 Fessa
193 780 267 831 malis,
277 782 409 838 tendensque
418 782 447 824 ad
456 781 535 825 coelum
546 781 647 833 brachia,
658 793 744 839 magno

118 855 235 906 Lucinam,
246 854 354 912 Nixosque
364 870 437 912 pares,
447 855 542 898 elamore
551 856 667 899 vocabam.

119 926 159 970 llla
168 927 257 985 quidem
268 928 337 977 venit.
347 929 385 971 sed
394 938 551 984 precorrupts.
561 942 684 984 meumque

119 1003 172 1057 Qure
181 1002 262 1044 donare
271 1012 338 1057 ceput
346 1001 428 1043 lunoni
437 1000 500 1044 vellet
509 1001 595 1056 iniquae.

120 1077 191 1130 thue
202 1088 262 1117 meos
271 1075 333 1118 audit
342 1076 447 1131 gemitus,
457 1075 554 1118 subsedit
562 1074 586 1117 in
595 1074 633 1117 ilia

119 1153 174 1194 Ante
184 1148 240 1191 iores
249 1163 298 1200 ara,
308 1151 426 1206 dextroque
435 1164 448 1192 a
457 1150 538 1206 poplite
547 1149 628 1193 laevum

121 1228 193 1269 Pressa
203 1239 272 1281 genu,
281 1225 353 1283 digitis
362 1226 420 1268 inter
428 1240 450 1269 se
461 1226 544 1283 pectine
551 1225 647 1283 junctis,

120 1300 228 1344 Sustinuit
238 1301 308 1345 nixus.
318 1302 391 1345 Tacite
400 1315 488 1357 quoque
497 1302 596 1344 earmina
605 1315 658 1344 voce

122 1375 190 1425 nixis
199 1384 222 1417 et
230 1374 326 1431 inceptos
336 1384 454 1419 tenuerunt
463 1375 560 1418 carmine
569 1384 652 1431 partus.

122 1449 197 1499 Nitor,
207 1458 229 1491 et
238 1448 322 1505 ingrate
332 1447 388 1491 facio
397 1447 494 1491 convicia
502 1448 593 1490 demens

122 1524 185 1566 Vana
193 1522 252 1577 Jovi;
262 1523 370 1579 cupioque
380 1523 448 1575 mori,
457 1532 589 1577 moturaque
597 1522 665 1564 duras

122 1597 195 1639 Verba
204 1609 284 1651 queror
292 1596 367 1640 silices.
377 1598 456 1639 Matres
464 1595 591 1639 Cadmeides
600 1596 695 1647 adsunt,

122 1670 223 1724 Votaque
232 1668 364 1725 suscipiunt,
374 1668 559 1724 exhortanturque
568 1667 689 1711 dolentem.

122 1744 171 1785 Una
180 1741 343 1793 ministrarum,
353 1743 425 1786 media
434 1743 461 1785 de
470 1741 544 1799 plebe,
552 1741 679 1794 Galanthis,

123 1816 188 1860 Flava
197 1828 283 1867 eomas,
292 1816 378 1868 aderat,
387 1815 491 1859 faciendis
500 1826 588 1858 strenua
594 1814 675 1871 jussis,

125 1888 207 1933 Ollieiis
215 1888 293 1931 dilecte
302 1887 353 1930 suis.
362 1889 391 1930 Ea
401 1887 466 1930 sensit
477 1886 552 1942 iniqua
683 1878 685 1881 ’

122 1961 201 2004 Nescio
209 1961 263 2017 quid
270 1962 356 2003 lunone
365 1960 420 2016 gerh
430 1960 528 2015 dumque
536 1957 580 2001 exit
588 1967 611 2000 et
619 1957 690 2001 intrat

122 2035 181 2091 Saepe
190 2034 258 2085 fores,
267 2034 342 2076 Divarn
352 2034 482 2077 residentem
492 2033 545 2076 ridit
553 2033 577 2075 in
586 2045 635 2083 ara,

125 2107 258 2164 Brachioque
266 2108 288 2151 in
297 2107 389 2167 genibus
397 2107 470 2165 digitis
479 2120 576 2151 connexa
586 2115 715 2151 tenentem:
