1667 2592
137 187 164 227 88
287 188 616 231 NETANORPHOSEON
691 204 713 232 v.
725 192 776 244 340.

136 272 286 326 lrreprehensa
294 275 359 317 dabat
368 275 449 332 populo
459 289 559 331 responsa
568 276 657 331 petenti.

137 343 209 385 Prima
218 344 260 386 fide
269 346 369 401 vocisque
378 357 429 390 rata
438 348 557 390 tentamina
566 348 645 391 sumsit

90 468 92 471 v
138 416 220 459 Gaetula
228 418 322 474 Liriope,
331 433 397 475 quam
407 421 518 476 quondam
528 421 619 463 llumine
628 436 697 465 curvo

137 490 258 545 Implieuit‚
268 491 386 548 clausaque
395 494 440 536 suis
448 494 549 550 Cephisos
557 495 580 536 in
590 495 655 537 undis

139 561 190 604 Vim
201 562 256 606 tulit.
266 565 331 606 Enim
341 575 373 608 est
381 577 443 608 utero
453 567 599 623 pulcherrima
609 567 675 623 pleno

138 635 259 688 Infantem,
270 639 375 695 Nymphis
380 639 430 696 jam
439 654 498 682 nune
507 641 544 696 qui
553 650 626 696 posset
634 642 719 693 amnri;

140 708 307 765 Narcissumque
316 722 384 755 vocat.
393 714 423 754 De
432 727 476 768 quo
485 712 608 764 consultus,
618 728 647 755 an
656 724 716 757 esses

140 782 247 837 Tempora
256 785 440 827 maturae-visurus
450 785 514 841 longa
522 795 623 835 senectae.

141 852 248 897 Fatidieus
258 865 326 908 vates,
337 873 348 896 ι(
355 857 376 898 Si
385 871 407 899 se
416 871 461 900 non
470 858 556 908 viderit,
566 858 644 913 inquit.
652 875 664 897 o

142 928 204 969 Vana
213 927 251 970 diu
260 929 305 971 visa
313 941 345 972 est
354 943 394 972 vox
402 929 500 986 auguris:
510 930 579 973 exitus
588 931 661 983 illam,

141 1001 223 1055 Resque
232 1002 321 1055 prohat,
329 1001 409 1058 letique
418 1015 496 1058 genus,
506 1003 632 1058 novitasque
641 1002 731 1047 honoris.

171 1149 206 1189 Vl.
218 1150 306 1199 Jtuoun
316 1160 350 1193 ter
356 1151 383 1192 ad
392 1151 471 1206 quinos
480 1165 551 1194 unum
559 1151 673 1206 Cephisius
683 1165 768 1195 annum

143 1221 267 1273 Addiderat3
278 1231 402 1278 poteratque
411 1236 472 1279 puer,
478 1222 608 1279 juvenisque
617 1222 693 1266 videri.

143 1292 206 1335 lllulti
215 1292 277 1335 illum
283 1293 385 1350 juvenes,
396 1294 470 1337 multae
479 1293 564 1349 cupiere
573 1292 649 1348 puelle
658 1309 663 1336 ε

144 1365 183 1407 Sed
194 1364 236 1408 fuit
245 1365 268 1408 in
277 1375 350 1409 tenera
361 1376 405 1410 tam
414 1366 461 1408 dira
470 1365 572 1421 superbia
581 1364 666 1417 formu

144 1439 204 1482 Nulli
213 1439 276 1482 illum
282 1440 383 1496 juvenes,
393 1440 458 1483 nullae
467 1440 553 1495 tetigere
562 1439 646 1495 puelle.

173 1513 267 1568 Adspicit
276 1514 345 1565 hunc,
355 1514 448 1570 trepidos
457 1513 573 1569 agitantem
583 1513 606 1554 in
615 1513 671 1555 retia
681 1528 766 1565 servos,

145 1586 230 1629 Vocalis
238 1589 349 1644 Nymphe,
358 1602 406 1644 que
416 1602 455 1630 nec
464 1587 551 1629 reticere
559 1586 671 1642 loquenti,

146 1661 190 1703 Neo
200 1660 259 1715 prior
266 1661 312 1716 ipsa
321 1661 380 1717 loqui
390 1662 475 1712 didicit.
484 1660 609 1702 resonabilis
618 1661 685 1703 Eeho.

146 1735 228 1788 Corpus
237 1733 308 1776 adhuc
317 1735 384 1786 Echo,
395 1748 440 1777 non
449 1747 490 1776 vox
499 1742 554 1784 erat;
564 1743 586 1775 et
596 1743 672 1776 tamen
681 1747 748 1777 usum

147 1805 237 1850 Gaetula
246 1820 291 1849 uon
300 1807 379 1861 allum,
389 1823 456 1865 quam
465 1821 524 1850 nunc
533 1807 610 1858 habet,
619 1807 663 1849 oris
672 1808 777 1857 habebat.

146 1883 241 1926 Reddere
249 1882 276 1924 de
285 1881 360 1925 multis
370 1892 394 1925 ut
402 1884 467 1925 verba
476 1881 593 1925 novissima
601 1891 681 1936 posset.

147 1958 234 2000 Fecerat
243 1956 284 1999 hoe
293 1958 361 1999 luno:
372 1957 434 2012 quia,
444 1971 514 2012 quum
523 1957 654 2011 deprendere
663 1966 737 2012 posset

149 2031 194 2073 Sub
203 2032 254 2073 Jove
263 2043 318 2085 saepe
326 2043 366 2071 suo
375 2030 487 2087 Nymphas
496 2030 519 2072 in
529 2038 603 2071 monte
608 2027 720 2084 jacentes,

148 2103 189 2146 Illa
197 2104 261 2145 deam
270 2103 334 2158 longo
344 2103 439 2157 prudens
447 2116 546 2145 sermone
556 2102 653 2151 tenebat,

149 2176 207 2217 Dum
216 2175 315 2230 lugerent
325 2175 437 2232 Nymphae.
446 2178 561 2231 Postquam
570 2175 673 2218 Saturnia
681 2173 759 2225 sensit}
