1667 2592
75 175 147 228 tto
242 176 244 182 ’
320 176 419 218 menn
436 178 480 219 rx.

77 259 157 302 Nescia
166 274 232 315 quem
242 271 330 304 maneat
340 263 394 305 tanti
404 263 493 305 victoria
502 264 567 319 regni.

77 332 120 373 Ter
129 332 176 374 sine
186 332 285 388 profectu
294 332 363 375 voluit
372 334 463 377 nitentia
472 345 547 377 contra

75 403 173 458 llejicere
182 404 264 446 Alcides
273 419 286 447 a
295 419 317 447 se
327 419 375 447 mea
385 417 473 461 pectora
482 422 486 446 :
496 418 574 462 quarto

76 477 142 520 Exuit
150 477 275 535 amplexus,
284 480 421 535 adductaque
429 481 518 522 brachia
527 481 602 524 solvit:

76 551 246 608 impulsumque
255 567 323 595 manu
333 553 341 609 (
347 563 432 596 certum
442 554 496 595 mihi
506 568 555 595 veru
564 554 640 609 fateri)

77 626 179 669 Protinus
188 626 276 675 avertit,
287 637 389 682 tergoque
398 641 502 668 onerosus
512 627 602 670 inhesit.

76 699 99 741 Si
108 713 153 755 qua
162 699 215 743 tides
225 700 376 756 (nequeenim
386 700 438 742 ficta
449 700 502 741 mihi
513 699 579 755 gloria
589 715 640 743 voce

76 770 211 828 Quoeritur)‚
221 772 323 827 imposito
332 786 417 828 pressus
428 772 481 813 mihi
492 783 566 814 monte
577 773 669 815 videbar.
682 756 692 765 .

78 845 119 886 Vix
130 854 203 887 tamen
212 847 295 888 exserui
305 846 383 888 sudore
393 845 483 889 fluentia
493 845 564 888 multo

78 921 178 973 Brachiu5
189 920 223 963 vix
233 920 286 963 solvi
295 922 361 963 duros
370 935 384 963 a
392 932 479 977 pectore
488 934 562 963 nexus.

77 997 146 1038 lustat
154 995 276 1045 anhelanti,
285 996 429 1052 prohibetque
439 1009 547 1038 resumere
557 995 624 1039 vires:

77 1071 103 1112 Et
112 1070 193 1111 cervice
202 1083 252 1112 mea
260 1070 356 1126 potitur:
366 1080 415 1113 tum
425 1070 518 1125 denique
527 1069 590 1112 tellus

76 1145 149 1186 Pressa
158 1156 215 1198 genu
224 1154 298 1185 nostro
308 1152 350 1193 est,
360 1154 382 1186 et
391 1157 467 1185 arenas
476 1157 513 1185 ore
522 1143 637 1186 momordi.

107 1234 119 1256 ιι
127 1216 217 1259 lnferior
226 1216 317 1269 virtute,
327 1230 386 1258 meas
395 1217 495 1258 devertor
504 1216 531 1257 ad
540 1226 607 1267 artes;

76 1291 196 1346 Elaborque
206 1291 262 1341 viro,
272 1290 363 1345 longum
373 1289 481 1331 formatus
490 1289 513 1330 in
523 1303 623 1345 anguem.

76 1365 119 1423 Qui
129 1375 244 1421 postquam
254 1364 319 1409 llexos
329 1363 412 1406 sinuavi
423 1377 501 1418 eorpus
510 1363 533 1404 iu
543 1364 617 1413 orbes,

76 1441 176 1494 Cumque
185 1437 231 1480 fero
242 1438 301 1480 mori
310 1437 407 1492 linguam
417 1436 508 1478 stridore
517 1435 634 1489 bisuleam;

76 1513 140 1563 nisit,
150 1521 171 1554 et
180 1512 273 1553 illudens
282 1520 366 1553 nostras
375 1509 500 1567 Tirynthius
509 1519 565 1552 artes
574 1526 579 1551 :

76 1589 206 1631 «Cunarum
217 1584 278 1627 labor
286 1594 318 1627 eet
327 1597 407 1640 angues
416 1596 517 1639 superare
527 1597 638 1635 mearum,

75 1661 143 1715 nisio
153 1669 186 1711 et,
196 1670 221 1702 ut
230 1659 302 1701 vineae
311 1657 376 1708 alios,
385 1656 486 1706 Acheloe,
496 1658 611 1709 dracones,

75 1738 125 1778 l’ars
134 1743 202 1790 quota
210 1735 299 1775 terum
308 1745 395 1788 serpens
403 1730 445 1772 eris
455 1745 512 1773 unus
522 1732 632 1774 Echidnzel

74 1808 207 1853 Vulneribus
217 1806 310 1849 fecunda
318 1805 363 1849 suis
372 1814 418 1847 erat
426 1803 476 1846 illa:
486 1818 525 1847 nee
535 1804 605 1847 ullum

75 1888 104 1928 lle
113 1893 202 1927 eentum
211 1894 304 1931 numero
313 1890 378 1937 caput
387 1889 420 1923 est
428 1880 518 1935 impune
528 1879 632 1930 recisum,

73 1960 131 2018 Quin
141 1957 227 2014 gemino
235 1956 305 1998 cervix
314 1956 391 1998 herede
400 1954 506 1998 valentior
514 1963 575 1996 esset.

74 2037 132 2078 llauc
141 2045 180 2087 epo
190 2043 299 2072 ramosam
308 2029 365 2072 uatis
374 2043 385 2071 e
394 2030 451 2071 ooede
460 2027 566 2078 colubris,

72 2110 250 2158 Crescentemque
260 2101 330 2151 malo,
339 2101 428 2151 domui,
436 2099 586 2154 domitamque
595 2099 683 2155 peremi.

72 2181 128 2239 Quid
138 2179 183 2221 tore
194 2188 214 2219 te
222 2175 302 2229 eredis,
311 2174 391 2218 falsum
400 2175 439 2229 qui
449 2187 521 2216 versus
530 2173 552 2215 iu
562 2187 668 2230 anguem,
