1667 2592
82 160 168 215 „524
320 160 420 204 arara
437 162 480 204 rx.
571 176 574 183 .
676 163 719 217 ar,

53 242 56 247 ’
82 253 154 306 Inque
160 248 230 292 vicem
238 257 322 292 sumus
331 249 404 305 pouit.
413 248 536 305 positasque
545 248 641 291 resumit.

83 323 144 380 Quid
152 322 213 373 velit,
222 321 320 378 ignorat:
329 320 435 378 quidquid
444 320 529 364 factura
537 321 629 373 videtur,

83 393 191 450 Displicet
201 396 225 436 lu
234 393 296 436 vultu
305 402 336 436 est
344 393 435 436 audacia
444 392 512 436 mirra
520 393 604 450 pudori.

83 465 169 522 Scripta
178 466 243 507 Soror
252 463 336 508 fuerat:
346 464 415 507 visum
426 474 457 507 est
463 464 533 507 delere
541 466 652 517 Sororem,

84 540 202 596 Verbaque
210 539 310 583 correctis
319 539 412 582 incidere
421 538 472 582 talia
481 540 544 583 ceris:

116 630 128 652 α
134 614 217 670 Quam,
227 613 268 656 nisi
278 622 301 656 tu
310 612 404 663 dederis,
413 626 459 655 uon
468 622 500 655 est
508 611 610 655 habitura
617 610 721 664 salutem,

84 688 145 730 Hauc
154 686 192 728 tibi
200 686 268 730 mittit
275 700 363 729 amaus:
373 686 452 742 pudet,
458 685 487 727 ab
493 687 498 727 !
505 686 573 742 pudet
579 686 640 728 edere
647 685 738 728 nomeu!

83 760 123 811 Et,
132 758 150 801 si
160 744 212 815 quid
221 759 321 816 cupiam,
329 758 417 815 quaeris,
426 758 472 802 siue
480 759 569 802 nomine
577 758 654 801 veliem

82 835 158 875 Posset
166 831 200 888 aqi
211 845 258 874 mea
267 845 332 879 causa
341 845 402 884 meo;
411 846 451 874 nec
461 831 546 887 cognita
555 831 625 888 Byblis

82 907 139 949 ente
148 903 229 956 iorem,
239 918 305 961 quam
315 918 362 960 spes
371 915 472 948 votorum
482 915 540 949 certa
550 903 632 949 fuisset.

82 981 134 1023 Esse
143 980 231 1035 quidem
240 978 283 1022 lusi
293 989 392 1035 poteraut
399 980 439 1023 tibi
447 980 538 1036 pectoris
548 978 623 1032 index,

82 1055 111 1097 Et
120 1052 186 1104 coior,
196 1062 217 1095 et
226 1052 317 1105 macies,
326 1063 348 1098 et
356 1052 440 1106 vuitus,
450 1063 471 1096 et
479 1053 571 1096 humida
579 1066 634 1110 sepe

83 1126 188 1178 Lumina,
197 1141 236 1170 uec
243 1141 308 1171 causa
316 1128 407 1185 suspiria
416 1138 478 1172 mota
486 1128 579 1185 patenti,

83 1205 110 1247 Et
120 1202 189 1244 crebri
198 1201 320 1259 ampiexus,
329 1212 351 1245 er
359 1217 417 1259 quar,
427 1203 445 1245 si
454 1202 510 1245 forte
518 1203 610 1255 notasti,

83 1274 163 1319 Oscula
171 1275 245 1317 sentiri
254 1289 297 1318 non
307 1288 352 1317 esse
360 1275 443 1318 sororia
452 1285 544 1330 possent

82 1352 133 1407 Ipsa
140 1359 224 1399 tamen,
234 1348 332 1406 quamvis
340 1348 414 1390 animo
424 1361 487 1404 grave
495 1347 574 1391 vulnus
583 1347 702 1401 habebam,

83 1422 188 1481 Quamvis
197 1422 256 1466 intus
265 1431 312 1464 erat
320 1420 383 1464 furor
390 1421 478 1477 igneus,
487 1420 561 1463 omnia
570 1420 611 1464 feci

83 1495 155 1552 (Sunt
164 1494 217 1536 mihi
227 1495 251 1536 bi
261 1492 349 1549 testes),
358 1502 385 1537 ut
393 1493 481 1536 candem
489 1492 562 1535 sanior
570 1507 651 1537 essem:

83 1568 221 1624 Pugnavique
231 1568 269 1611 diu
277 1567 371 1610 violenta
378 1566 490 1623 Cupidinis
499 1580 562 1610 arma

83 1641 184 1699 Effugere
193 1641 278 1695 iareim
288 1652 309 1686 et
317 1641 377 1699 pius,
387 1655 455 1698 quam
464 1640 519 1685 ferre
528 1642 623 1699 puellam

83 1718 147 1759 Poase
156 1724 229 1770 putee,
238 1728 278 1771 eqo
287 1715 342 1758 dura
351 1713 398 1758 tuli.
407 1716 511 1770 Superata
520 1714 582 1759 fateri

83 1792 161 1846 Cogor,
170 1802 277 1845 opemque
286 1797 347 1832 tuam
357 1788 439 1833 timidis
447 1803 558 1846 exposcere
567 1790 629 1833 voris.

83 1865 119 1907 Tu
128 1875 210 1904 serrare
219 1872 290 1917 potes,
299 1871 324 1904 tu
332 1863 420 1918 perdere
429 1861 488 1906 solus
497 1872 615 1906 amantem.

84 1934 154 1991 Elige,
165 1943 239 1976 utrum
249 1932 322 1976 facias.
330 1936 380 1977 Nou
387 1934 429 1978 boc
438 1934 526 1977 inimica
536 1943 648 1990 precatur;

83 2008 126 2052 Sed
135 2020 194 2062 quae,
203 2019 272 2063 quum
283 2004 321 2048 tibi
330 2006 357 2049 sir
361 2005 511 2063 junctissima,
516 2005 615 2062 junctior
623 2019 667 2052 esse

83 2079 179 2137 arpent,
189 2089 210 2122 et
219 2078 289 2121 vincio
298 2087 371 2122 tecum
381 2079 481 2137 propiore
489 2078 557 2135 lipari.

83 2156 137 2197 Jura
146 2166 206 2197 senes
214 2151 298 2206 noriam
308 2152 391 2208 etquid
400 2151 516 2209 liceatque,
525 2150 640 2217 nefasque,
