1667 2592
101 200 103 205 ,
143 175 171 216 ab
295 171 626 215 Martuoneuosaou
700 174 795 227 may.

172 261 259 307 Talibus
269 261 366 317 ignaram
374 264 432 304 luno
441 254 557 304 Cadmeida
566 259 629 302 dictis

143 339 262 379 Formarat.
270 337 383 393 Rogatilla
390 339 465 378 lovem
474 336 520 377 sine
529 334 617 376 nomine
627 347 723 377 munus.

143 413 182 455 Cui
192 415 257 461 Deus,
268 412 353 467 «Elige,
363 412 406 454 ait:
416 410 501 454 nullam
510 410 589 466 patiere
599 409 722 465 repulsam.

146 487 236 544 Quoque
245 485 313 540 magis
322 485 406 534 credas,
416 483 483 541 Stygii
491 497 578 539 quoque
587 482 675 525 conscia
684 494 757 527 sunto

145 557 241 600 Numina
252 557 351 600 torrentis
360 557 442 601 :timor
450 568 471 599 et
480 557 533 598 deus
541 556 576 598 ille
585 557 707 598 deorum.»

143 634 199 675 Laeta
209 632 277 681 malo,
288 632 425 687 nimiumque
434 642 521 688 patens,
531 631 671 687 perituraque
680 633 785 676 amantis

145 694 251 761 Obsequin
260 705 353 755 Semele,
364 704 472 762 «Qualem
481 703 591 754 Saturnia,
600 703 667 754 dixit,

144 780 173 821 Te
182 778 236 820 solet
245 778 357 833 amplecti,
368 779 455 820 Veneris
464 791 534 833 quum
544 776 613 820 ioedus
622 777 696 829 initis,

144 851 174 891 Da
184 849 237 891 mihi
247 858 267 892 te
278 849 350 892 talem.
357 867 368 889 »ι
379 849 454 892 Voluit
462 852 518 892 Dens
528 864 566 892 ora
575 849 685 905 loquentis

144 925 280 980 opprimere:
291 925 370 968 exierat
375 924 425 980 jam
434 938 475 967 ror
484 935 597 980 properata
605 925 647 966 sub
657 938 733 968 auras.

144 997 264 1052 Ingemuit:
275 999 413 1052 nequeenim
423 1012 467 1039 non
477 999 521 1040 haec
530 1008 624 1053 optasse,
635 1012 708 1053 neque
718 998 758 1041 ille

144 1073 193 1113 Non
200 1069 284 1126 jurasse
294 1081 371 1126 potest.
381 1074 435 1127 Ergo
446 1072 595 1114 maestissimus
605 1071 676 1114 altum

145 1144 228 1186 AEthera
237 1144 371 1193 conscendit,
381 1155 481 1200 nutuque
490 1145 601 1200 sequentia
611 1145 676 1187 traxit

144 1217 238 1262 Nubila:
249 1221 297 1274 quis
306 1219 403 1268 nimbos,
413 1220 557 1274 immixtaque
566 1219 654 1274 fulgura
662 1219 736 1263 venus

145 1291 242 1343 Addidit,
251 1302 272 1334 et
282 1292 385 1342 tonitrus,
395 1303 416 1335 et
426 1293 547 1335 inevitabile
557 1291 649 1334 fulmen.

145 1369 193 1425 Qua
203 1376 275 1409 tamen
285 1380 352 1422 usque
361 1376 442 1422 potest,
452 1366 506 1408 vires
515 1366 556 1408 sibi
566 1367 652 1408 demere
663 1376 748 1419 tentat3

113 1461 116 1467 ¹
144 1443 200 1491 Nee,
210 1455 254 1496 quo
262 1441 412 1484 centimanum
422 1440 528 1496 dejecerat
537 1440 586 1497 igne
595 1441 703 1497 Typhoea,

142 1515 207 1555 Nunc
216 1523 315 1556 armatur
324 1528 362 1556 eo:
372 1514 467 1556 nimium
478 1514 568 1556 feritatis
577 1514 600 1555 in
609 1513 655 1555 illo,

142 1587 179 1628 Est
188 1585 247 1627 aliud
257 1586 323 1628 levius
333 1586 429 1637 fulmen,
439 1585 474 1629 eui
484 1587 557 1628 dextra
566 1586 688 1643 Cyclopum

143 1659 229 1702 saevitia
238 1660 376 1716 flammaque
386 1662 470 1712 minus,
480 1661 554 1703 minus
563 1661 647 1704 addidit
656 1661 694 1704 irae
703 1675 708 1700 :

143 1731 194 1775 Tela
203 1734 296 1775 secunda
306 1745 383 1778 vocant
391 1735 473 1791 Superi.
483 1736 544 1791 Capit
553 1735 600 1786 itta;
610 1736 754 1792 domumque

142 1810 212 1850 quat
220 1812 358 1862 agenoream.
368 1811 451 1865 Corpus
461 1808 551 1852 mortale
561 1808 671 1851 tumultus

144 1882 193 1923 Non
203 1879 252 1922 tulit
261 1881 370 1932 aetherios,
380 1882 485 1938 donisque
491 1880 603 1938 jugalibus
612 1880 672 1923 arsit.

142 1953 284 2011 Imperfectus
293 1955 364 1997 adbuc
373 1955 446 1998 infans
455 1955 562 2011 genitricis
570 1956 598 1997 ab
607 1954 656 1997 alvo

142 2027 243 2083 Eripitnr,
253 2027 365 2084 patrioque
375 2028 475 2084 tener(si
485 2028 570 2069 credere
579 2027 685 2083 dignum)

142 2101 239 2143 insuitur
248 2101 336 2153 temam
346 2112 487 2157 maternaque
498 2112 595 2157 tempora
604 2100 709 2156 complet

145 2174 228 2216 Furtim
237 2174 299 2217 illum
309 2175 386 2230 primis
393 2177 432 2218 lnu
441 2185 555 2219 matertera
565 2174 627 2217 cunis
