1667 2592
73 194 158 237 wop
309 179 409 221 tisun
426 178 487 221 Vll.
674 184 714 224 ποῦ

74 271 144 316 Pallet
152 271 197 322 nvi3
206 270 273 329 pellet
281 271 361 313 nostris
369 273 452 313 Aurora
461 271 554 314 venenis.

75 348 122 389 Vos
132 346 185 389 mihi
196 356 311 389 taurorum
321 345 422 389 flammas
431 345 558 396 hebetastis3
568 355 590 390 et
598 360 656 391 unco

76 418 141 461 llaud
150 418 234 474 patiens
243 418 315 461 oneris
323 417 405 460 collum
415 418 520 474 pressistis
528 429 607 463 srstro.

75 492 123 536 Vos
130 491 284 547 serpentigenis
293 492 316 533 in
325 505 348 533 se
358 490 403 533 lere
412 491 469 533 bella
478 491 578 543 dedistis3

75 566 238 621 Custodemque
247 566 325 609 rudem
333 565 406 608 somni
415 564 511 621 sopistis,
521 574 542 608 et
550 579 642 620 surum,

74 639 167 684 Vindice
175 639 276 696 decepto,
287 639 362 683 Graios
372 638 460 681 misistis
468 639 492 680 in
502 639 572 681 urbes.

74 717 141 759 Nunc
151 728 206 770 opus
215 724 247 757 est
256 714 336 764 succis,
344 727 383 770 per
390 727 446 769 quos
456 723 556 755 renovato
566 723 665 758 senectus

75 788 101 829 ln
111 786 189 829 florem
199 787 283 835 redeat,
291 787 417 842 primosque
428 785 536 842 recolligat
545 799 620 829 annos.

75 861 102 903 lit
110 859 203 903 debitis:
214 873 284 915 neque
293 860 351 902 enirn
362 859 487 902 micuerunt
495 859 565 902 sidera
571 859 666 913 frustm

75 935 121 978 llec
131 933 214 978 frustra
222 934 336 977 volucrum
347 944 429 977 tructus
438 934 519 977 cervice
527 935 649 978 draconum

75 1009 158 1053 Currus
167 1009 252 1051 edesus
261 1009 340 1052 Aderat
348 1009 454 1051 demissus
463 1009 491 1051 ab
500 1009 578 1052 ethere
587 1022 670 1052 currus.

105 1085 154 1143 Quo
163 1082 229 1126 simul
238 1083 359 1132 adscendit,
369 1082 497 1138 frenataque
507 1083 562 1126 colla
571 1083 693 1128 draconum

76 1157 204 1208 Permisit,
213 1158 358 1214 manibusque
367 1157 423 1200 leves
432 1158 519 1214 agitavit
528 1158 634 1212 habenas,

75 1230 182 1275 Sublimis
192 1231 288 1287 rapitur:
298 1229 427 1286 sublataque
436 1230 536 1274 Thessnln
545 1233 626 1286 Tempe

77 1305 182 1362 Despicit,
190 1315 213 1348 et
221 1305 301 1348 Creteis
311 1304 435 1360 regionibus
444 1303 539 1359 adplicet
547 1317 641 1360 ungues:

36 1363 41 1371 ¹
77 1382 104 1424 Et
112 1394 168 1436 quas
177 1380 228 1422 Ossn
240 1379 300 1427 tulit,
310 1391 408 1434 quosque
416 1377 474 1420 altus
484 1377 554 1420 Pelion
564 1378 653 1431 herbas,

76 1454 211 1511 Othrysque,
219 1453 353 1508 Pindusque,
362 1461 384 1494 et
394 1451 460 1493 Pindo
469 1450 541 1506 major
549 1451 664 1509 Olympus,

77 1525 193 1582 Perspicit:
203 1534 225 1568 et
233 1524 313 1582 pincits
321 1524 402 1580 partim
413 1524 483 1567 radice
493 1525 584 1577 revellit,

76 1599 160 1645 Partim
170 1599 262 1642 succidit
269 1598 396 1641 curvamine
406 1597 467 1640 lalcis
476 1612 541 1643 aens.

78 1673 148 1719 Mults
157 1686 245 1730 quoqne
253 1673 344 1730 Apidani
354 1673 483 1730 placuerunt
493 1673 590 1730 gremius
601 1675 663 1732 ripis,

78 1749 150 1794 Mults
159 1761 246 1804 quoque
254 1747 369 1805 Amphrysi
378 1765 383 1790 :
392 1762 463 1804 neque
472 1762 519 1791 eras
528 1749 645 1802 immunis,
653 1751 746 1809 Enipea:

78 1825 125 1867 llec
135 1835 180 1866 non
189 1825 273 1871 Peneo,
282 1835 322 1865 nee
332 1835 377 1864 non
387 1823 524 1878 Spercheides
534 1825 597 1867 under

77 1897 222 1943 contribuere
232 1896 325 1952 aliquid,
331 1896 468 1953 juncossque
477 1897 540 1940 litore
551 1898 629 1940 Boebes.

1 2014 2 2021 ,
76 1971 154 2026 carpit
162 1978 184 2012 et
193 1968 287 2011 Euboica
296 1969 357 2011 vivax
365 1970 493 2012 Anthedone
503 1982 605 2024 gramen,

78 2046 186 2090 Nondum
196 2052 282 2086 mutato
290 2043 404 2100 vulgatum
413 2056 504 2099 corpore
513 2042 595 2086 cunci.

78 2122 106 2166 Et
111 2119 161 2177 jam
171 2131 230 2161 none
238 2118 283 2160 dies
292 2131 359 2161 curru
368 2117 486 2173 pennisque
495 2117 629 2167 draconum,

77 2196 188 2249 Nouoque
197 2203 241 2235 nox
250 2203 326 2236 omnes
335 2189 465 2235 lustrantem
475 2189 557 2233 viderat
565 2201 640 2245 aaron
