1667 2592
71 167 150 209 mod.
304 165 404 207 tinen
422 164 466 206 tv.
668 164 707 206 tii

69 257 162 311 Quaeque
172 264 222 297 tuos
230 253 309 311 Clytie,
319 254 418 308 quamvis
427 254 537 309 despecta,
547 252 634 309 petebat

70 328 212 378 Concubitum
223 329 312 384 ipsoque
322 328 359 369 iiio
368 341 432 382 grave
441 328 519 369 vuinus
527 327 622 370 habehat

71 404 182 459 Tempore.
192 404 310 446 Leucothee
320 404 442 444 multarum
451 402 531 444 oblivia
540 402 603 445 fecit:

72 478 143 520 Gentis
152 478 264 520 odoriferae
273 491 340 533 quum
351 476 507 519 formosissima
516 486 580 532 partu
632 459 637 468 ⁶

72 550 141 592 edidit
150 552 282 606 Eurynome;
294 550 331 591 sed
340 559 455 605 postquem
463 549 508 591 fitia
516 549 593 600 crevit,

72 625 143 681 Quam
153 632 224 665 muter
231 633 332 671 cunetas.
343 633 387 664 tem
398 632 492 665 matrem
502 620 547 664 fitia
557 621 613 665 vicit.

73 698 132 740 Rexit
141 697 286 740 Achaemenias
297 697 360 739 urbes
370 707 432 753 pater
440 697 573 739 Orchamus:
583 696 644 752 isque

72 770 181 826 Septimus
190 783 203 811 a
212 769 275 825 prisci
285 779 414 811 numeratur
423 769 505 825 origine
514 769 564 810 Beli.

74 847 115 887 dre
124 844 165 886 suh
177 844 275 899 Hesperio
283 852 335 885 sunt
343 856 424 899 pascua
433 842 486 884 Solis
495 855 602 897 equorum
613 858 618 884 ε

74 918 211 961 Ambrosiam
220 930 260 972 pro
269 916 366 971 gramine
375 916 469 958 hahent:
479 930 505 958 ea
515 915 569 958 fessa
578 914 661 958 diurnis

74 991 172 1033 Membra
183 989 306 1032 ministeriis
315 989 395 1039 nutrit,
405 999 532 1045 reparatque
538 989 616 1033 labori.

75 1065 176 1120 Dumque
184 1062 214 1104 ibi
224 1062 373 1118 quadrupedes
381 1061 475 1105 colestia
484 1062 564 1119 pabulo
572 1073 675 1119 carpunt,

75 1140 167 1193 Noxque
176 1137 243 1179 vicem
253 1136 345 1192 pengia
359 1136 465 1178 thalamos
474 1139 528 1179 Deus
537 1137 604 1179 intrat
613 1148 709 1192 amatos,

75 1215 157 1256 Versus
166 1212 189 1254 iu
198 1213 330 1268 Eurynomes
340 1210 418 1253 taciem
428 1211 546 1266 genitricis;
555 1220 577 1254 et
585 1211 641 1254 inter

77 1288 111 1330 nis
121 1301 156 1329 sex
165 1285 300 1329 Leucotheen
310 1283 404 1326 famulas
413 1285 442 1326 ad
450 1282 534 1326 lumina
543 1284 611 1327 ceruit

76 1362 140 1405 Levia
150 1371 234 1404 versuto
242 1360 359 1403 ducentem
369 1358 464 1402 stamina
473 1358 529 1401 fuso.

77 1436 133 1492 Ergo
146 1436 195 1484 ubi,
204 1448 244 1477 ceu
253 1444 334 1483 meter,
343 1446 397 1475 carae
406 1431 466 1474 dedit
475 1430 548 1475 oscuie
557 1418 623 1484 nutam

79 1511 150 1559 uites,
159 1509 201 1558 tit,
210 1520 289 1549 arcuna
297 1516 341 1549 est:
351 1505 452 1555 famule,
461 1506 573 1558 discedite;
583 1521 635 1550 nete

79 1581 160 1638 Eripite
169 1581 284 1624 arbitrium
294 1580 370 1631 matri,
379 1591 460 1624 secreta
469 1579 573 1636 loquenti.
581 1598 592 1621 n

79 1657 215 1698 Potuerunt:
226 1653 374 1710 thalamoque,
385 1656 452 1705 Deus,
462 1653 508 1696 sine
518 1664 570 1699 teste
580 1655 665 1709 relicto,

80 1744 92 1767 α
99 1726 136 1769 tlte
145 1740 185 1783 ego
194 1740 255 1776 sum,
265 1726 328 1777 dixit,
338 1726 376 1781 qui
385 1726 476 1781 longum
486 1728 565 1770 metior
573 1742 669 1783 aunum,

80 1801 161 1844 Omnia
170 1800 208 1856 qui
218 1799 289 1849 videm
299 1813 410 1855 perquem
422 1800 479 1842 videt
487 1801 561 1843 omniu
571 1801 646 1845 telius:

80 1875 158 1919 Mundi
166 1874 253 1918 oculus:
262 1874 315 1916 mihi
321 1907 327 1925 ,
334 1876 407 1923 crede,
414 1875 491 1931 places.
498 1892 510 1915 »
518 1879 581 1919 Pavet
587 1876 634 1919 illa:
645 1887 749 1934 metuque

79 1951 107 1991 Et
116 1947 188 1995 coins.
198 1958 220 1989 et
229 1946 290 1988 fusus
299 1946 370 2002 digitis
378 1948 473 1990 cecidere
483 1948 583 1990 remissis.

83 2024 131 2079 ipse
142 2020 208 2064 timor
216 2020 294 2062 decuit
304 2020 348 2062 Nec
357 2019 441 2074 longius
450 2020 486 2062 iiie
495 2030 605 2070 moratus,
614 2036 619 2043 ·

83 2098 109 2138 in
120 2108 194 2137 rerem
203 2093 265 2135 rediit
275 2092 363 2142 faciem,
371 2092 503 2147 solitumque
513 2093 613 2135 nitorem.

83 2171 112 2213 dt
120 2168 193 2226 virgo,
203 2165 302 2223 quamvis
310 2164 400 2221 inopino
410 2164 484 2207 territe
493 2163 550 2215 visu,
