1667 2592
139 178 152 217 8
290 178 620 222 uertunnnnosnou
707 195 730 226 v.
747 184 784 226 18.

138 265 283 322 obstabatque
292 265 339 308 aliis
348 266 407 309 aiiud
415 281 421 305 τ
430 267 482 323 quia
490 281 579 324 corpore
588 268 611 310 in
621 281 665 311 uno

138 339 222 395 Frigida
231 342 358 396 pugnabant
367 341 452 391 calidis,
462 328 575 386 humentia
584 342 657 393 siccis.

139 413 211 471 Mollis
220 428 270 457 cum
281 415 351 463 dune.
360 416 406 458 sine
415 417 510 472 pondere
519 416 620 459 habentia
628 416 724 473 pondus.

168 488 226 529 banc
235 489 290 530 Deus
299 499 320 531 et
330 488 406 531 melior
415 490 475 532 litem
488 492 569 533 Natura
577 490 677 534 diremit:

138 559 195 600 Nem
206 559 258 602 coelo
269 570 345 609 terras,
356 570 378 603 et
387 561 448 603 terris
458 562 548 606 abscidit
557 563 637 614 undas,

138 630 164 672 Et
172 629 279 684 liquidum
290 632 358 687 spisso
367 633 458 677 secrevit
467 635 494 676 ab
504 648 552 676 aere
562 634 649 676 coelum.

138 704 190 759 Quae
200 716 314 760 postquem
324 705 413 757 evolvit,
423 720 521 762 cecoque
531 707 610 750 exemit
618 720 707 760 acervo,

137 777 253 821 Dissocintn
262 779 313 821 locis
323 780 425 823 concordi
434 794 487 835 pace
495 779 575 836 ligavit.

137 852 201 907 Ignea
211 852 298 894 convexi
309 853 369 894 viset
379 852 424 894 sine
434 854 528 908 pondere
538 852 584 895 coeli

137 924 242 975 Emicuit,
252 923 465 980 summaquc‘toeum
475 924 515 967 sibi
526 925 576 981 legit
584 925 607 967 in
617 939 673 969 arce.

137 997 249 1039 Proximus
258 1008 290 1039 est
299 1011 336 1040 aer
344 997 375 1039 ilii
385 997 480 1046 levitate,
490 998 581 1053 iocoque
590 1014 595 1039 :

137 1071 226 1113 Densior
235 1071 268 1112 his
278 1071 352 1114 tellus:
364 1072 512 1126 elementaque
522 1071 611 1128 grandin
620 1072 697 1125 tmxit3

136 1148 163 1189 Et
172 1160 244 1201 pressu
253 1157 284 1189 est
293 1147 397 1201 gravitate
406 1147 446 1188 sui.
457 1146 603 1189 circumfluus
611 1146 694 1189 humor

138 1217 217 1261 Ultima
227 1219 331 1274 possent,
341 1219 478 1275 solidumque
488 1218 583 1261 coercuit
592 1219 676 1261 orbem.

166 1292 199 1334 Sic
209 1292 246 1334 ubi
256 1292 393 1348 dispositum,
404 1291 501 1347 quisquis
511 1291 554 1335 fuit
562 1291 598 1333 iile
607 1292 714 1345 deorum,

137 1366 263 1420 Congeriem
273 1366 353 1417 secuit,
363 1375 487 1420 sectamque
497 1366 519 1407 in
531 1365 630 1408 membra
640 1368 734 1424 redegit5

137 1441 244 1497 Principio
254 1450 345 1493 terram,
355 1455 382 1483 ne
391 1454 436 1482 non
447 1439 534 1496 aequnlis
543 1441 571 1482 ab
581 1439 642 1482 omni

137 1517 198 1561 Parte
208 1514 275 1565 foret,
285 1516 358 1570 magni
368 1515 460 1571 speciem
470 1514 596 1571 glomeravit
605 1515 628 1556 in
638 1515 704 1559 orbis.

137 1590 193 1632 Tum
203 1587 258 1631 fretu
268 1588 374 1639 diffundi,
385 1589 507 1645 rabidisque
517 1599 635 1631 tumescere
645 1590 716 1634 ventis

136 1663 213 1711 iussit,
223 1673 244 1705 et
253 1662 340 1706 ambitu
349 1662 484 1705 circumdare
493 1662 556 1705 litora
566 1673 633 1706 terrae.

137 1736 225 1779 Addidit
235 1747 256 1778 et
267 1735 347 1788 sontes,
358 1736 507 1792 immensaque
517 1746 603 1792 stagna,
613 1734 729 1794 iacusque;

137 1810 279 1866 Fluminaque
289 1810 382 1864 obliquis
392 1810 459 1852 cinxit
467 1808 558 1851 declivia
568 1808 632 1864 ripis:

137 1887 190 1944 Quor
200 1885 283 1927 diversa
292 1884 344 1927 locis
354 1885 433 1940 partim
444 1885 559 1926 sorbentur
569 1883 596 1925 ab
606 1882 664 1938 ipsa3

138 1964 164 2004 ln
174 1973 233 2004 mere
242 1959 370 2016 perveniunt
379 1958 471 2014 partim,
481 1971 601 2014 campoque
611 1966 697 2014 recepta

137 2034 251 2079 Liberioris
260 2048 333 2090 aque.
343 2047 381 2090 pro
392 2033 444 2089 ripis
453 2032 515 2075 litora
525 2032 619 2088 pulsant.

137 2112 204 2154 iussit
212 2121 234 2153 et
242 2108 327 2152 extendi
336 2122 436 2164 campos.
446 2107 556 2151 subsidere
565 2104 641 2156 vute,

72 2234 76 2237 ,
141 2184 224 2226 Fronde
235 2183 275 2239 tegi
285 2181 359 2235 silvas,
368 2181 476 2238 lapidosos
484 2194 571 2253 surgere
580 2188 670 2222 montes
