1667 2592
140 207 167 250 9²
294 192 624 237 METAMORPHOSEON
699 209 719 236 v.
733 196 786 251 446.

137 287 164 328 Et
173 282 252 340 placet,
262 292 284 326 et
292 284 354 325 video
363 297 368 323 :
377 284 414 326 sed
423 284 483 339 quod
493 283 608 338 videoque,
618 282 753 341 piscesque,

137 357 188 398 Non
198 365 271 398 tamen
281 353 379 396 invenio:
391 365 464 399 tantus
474 365 532 398 tenet
542 368 602 397 error
610 361 740 400 amantem!

138 430 229 488 Quoque
239 428 307 484 magis
316 427 413 478 doleam,
425 441 463 469 nec
473 441 512 469 nos
522 441 582 470 mare
591 441 679 484 separat
688 431 782 488 iugens,

137 507 183 548 Neo
193 504 239 554 via,
248 517 287 546 uec
297 512 394 551 montes,
404 514 444 543 nee
453 500 531 543 clausis
540 502 621 544 monia
630 504 702 558 portis
711 522 717 548 :

136 579 218 633 Exigua
227 575 371 632 prohibemur
379 587 443 629 aqua.
453 573 518 629 Cupit
527 574 572 629 ipse
582 575 650 617 teneri
659 593 664 617 :

137 653 195 694 Nam
205 650 289 705 quoties
299 647 385 704 liquidis
394 647 530 704 porreximus
539 646 613 690 oscula
621 648 734 706 lymphis,

137 725 175 769 ttic
186 724 247 767 toties
256 724 283 765 ad
293 737 328 765 me
339 721 440 777 resupino
450 721 527 763 nititur
535 734 580 764 ore.

136 801 199 842 Posse
206 808 269 854 putes
276 797 342 853 tangi.
350 795 467 838 Minimum
475 805 519 846 est,
526 796 585 850 quod
593 797 724 842 amantibus
732 801 813 844 obstat.

136 874 238 932 Quisquis
248 887 281 923 es,
290 872 334 915 huo
343 871 383 913 exi.
393 870 507 927 Quidum,
517 885 572 926 puer
582 871 657 922 unice,
668 872 742 917 fattisr

136 948 211 1003 Quove
220 945 300 1001 petitus
309 944 367 986 abis?
377 953 434 987 certe
443 957 483 986 nee
492 942 575 995 forma,
585 958 625 986 nee
634 955 688 988 oetas

135 1021 172 1063 Est
180 1032 240 1068 mea,
247 1031 314 1074 quam
323 1016 403 1072 fugiam
412 1027 434 1059 et
441 1027 544 1060 amarunt
552 1031 586 1059 me
594 1032 684 1073 quoque
693 1022 810 1080 Nymphae.

134 1094 200 1149 Spem
210 1090 277 1143 mihi,
286 1089 358 1132 nescio
367 1103 446 1145 quam,
455 1089 518 1132 vultu
527 1090 637 1145 promittis
647 1091 722 1135 amico
731 1109 738 1134 :

135 1169 254 1225 Quumque
263 1178 302 1221 ego
312 1164 396 1221 porrexi
406 1164 445 1206 tibi
454 1164 554 1214 brachia,
564 1165 656 1221 porrigis
667 1166 743 1210 ultro:

135 1243 211 1299 Quum
221 1239 268 1291 risi,
277 1239 361 1281 adrides
370 1254 374 1279 :
384 1237 491 1294 iacrymas
500 1252 587 1294 quoque
596 1253 651 1295 saepe
661 1244 752 1295 notavi,

135 1317 170 1359 Me
179 1314 324 1370 lacrymante,
334 1322 389 1354 tuas.
399 1311 466 1354 Nietu
475 1325 562 1367 quoqne
570 1311 632 1368 signa
641 1316 752 1369 remittis;

135 1391 172 1440 Et,
182 1397 291 1445 quantum
301 1396 364 1429 motu
374 1385 465 1428 formosi
474 1386 571 1442 suspicor
580 1387 635 1438 oris,

135 1463 208 1506 Verba
217 1460 296 1513 refers,
304 1474 367 1502 aures
376 1473 420 1502 uon
430 1459 576 1515 pervenientia
584 1470 678 1503 nostras.

134 1539 160 1579 ln
170 1546 190 1579 te
200 1549 239 1591 ego
249 1549 310 1585 sum,
320 1534 387 1585 sensi;
397 1547 437 1576 nec
447 1547 540 1577 menaea
550 1533 605 1577 falti:
614 1535 698 1592 imago.

134 1611 190 1651 Uror
200 1620 274 1649 amore
283 1608 340 1649 mai:
350 1606 451 1649 flammas
460 1620 580 1662 moveoque
590 1606 689 1663 feroque.

133 1683 192 1741 Quid
201 1681 293 1724 faciatnt
303 1694 371 1737 roger,
381 1694 438 1723 anne
446 1686 533 1736 rogemt
542 1680 595 1735 quid
605 1680 684 1723 deinde
694 1684 793 1739 rogabo?

134 1757 198 1816 Quod
206 1755 282 1811 cupio,
293 1769 380 1798 mecum
389 1764 434 1798 est:
444 1755 532 1811 inopem
541 1755 650 1810 meropia
659 1755 719 1800 fecit.

98 1862 101 1868 .
135 1828 261 1889 mutinam
269 1837 343 1870 nostro
352 1828 450 1870 secedere
459 1841 550 1883 corpore
558 1830 657 1882 possem!

135 1903 218 1946 Votum
223 1901 247 1943 in
252 1909 339 1943 amante
345 1914 427 1943 norum
433 1917 439 1950 ;
445 1900 709 1956 vellemquodamamus,
715 1904 809 1948 abesset.

134 1977 226 2031 Jamque
236 1974 298 2017 dolor
307 1974 361 2016 vires
371 1973 461 2016 adimit:
471 1987 511 2016 nec
521 1986 619 2030 tempora
630 1974 680 2018 ritae

133 2049 207 2104 Longa
216 2060 269 2091 meae
278 2055 391 2102 superant;
401 2047 517 2102 primoque
526 2045 651 2102 exstinguor
659 2048 684 2091 in
693 2062 754 2104 aevo3

132 2123 178 2164 Nec
188 2121 242 2163 mihi
252 2133 311 2162 mors
320 2119 440 2176 gravium.
449 2119 546 2175 posituro
555 2129 626 2163 morte
636 2121 733 2167 dolores.

134 2192 184 2246 uic,
193 2190 231 2249 qui
240 2192 344 2249 diligitur,
353 2191 431 2237 vellem
440 2192 566 2238 diuturnior
574 2194 641 2237 esset!
