1667 2592
110 174 151 218 170
259 163 592 218 METAMORPHOSEON,
677 175 698 204 v.
711 165 748 216 ⁷⁵·

103 257 164 298 Stare
172 255 240 296 Deum
249 253 330 315 pelagi,
339 254 447 310 longoque
456 253 519 296 ferire
529 253 621 296 tridente

102 329 240 384 aspernens
249 327 311 379 facit,
322 329 436 384 medioque
445 342 457 369 e
466 327 553 370 vulnere
562 327 607 370 saxi

102 401 215 445 Exsiluisse
225 401 368 458 fretum,quo
378 402 467 458 pignore
478 401 570 446 vindicet
579 400 664 442 urbem.

103 478 131 520 dt
140 466 227 520 sihildst
235 476 347 535 clypeum,
356 479 394 519 dat
403 487 472 520 ecutae
481 476 574 533 cuspidis
583 475 685 519 hastam:

104 552 145 593 Dat
153 551 236 607 galeam
245 552 321 607 capiti:
331 550 455 594 defenditur
463 551 528 607 aegide
537 559 625 607 pectus:

103 626 271 680 Percussamque
279 639 318 667 sua
327 624 416 667 simulat
425 624 452 666 de
461 624 548 680 cuspide
558 634 638 666 terram

103 697 195 740 Prodere
204 711 255 740 cum
265 697 335 740 baccis
344 697 422 740 fretum
431 698 527 739 canentis
536 695 607 748 olirae3

104 769 221 825 illimrique
230 771 293 812 Deos:
303 769 362 825 operi
372 769 460 811 victoria
471 768 529 811 linis.

103 844 131 886 Ut
141 854 213 886 tamen
223 843 324 900 exemplis
334 843 440 900 intelligat
447 843 527 886 aemula
535 842 616 894 laudis,

102 915 165 974 Quod
174 916 268 972 pretium
277 926 347 973 speret
356 930 395 972 pro
405 925 450 958 tam
460 914 575 958 furialibus
584 912 652 964 eusis‚

102 990 202 1044 Quatuor
211 988 233 1029 in
243 999 315 1044 partes
324 988 443 1031 certamina
452 998 546 1043 quatuor
555 987 626 1037 addit,

101 1061 163 1105 clara
172 1061 243 1104 colore
252 1076 303 1113 suo,
313 1061 414 1104 brevibus
424 1062 524 1104 distincta
534 1059 614 1117 sigillis.

102 1134 223 1178 Threiciam
232 1135 349 1191 Rhodopen
357 1135 424 1177 habet
432 1133 524 1190 angulus
534 1147 603 1184 unus,
612 1141 634 1174 et
643 1133 751 1186 Remum

101 1209 165 1250 Nunc
174 1207 254 1265 gelidos
264 1218 359 1259 montes,
369 1206 471 1250 mortalia
480 1220 570 1263 corpore
580 1207 706 1263 quondam

100 1282 196 1324 Nomina
205 1295 344 1323 summorum
354 1280 394 1323 sibi
404 1280 442 1336 qui
453 1280 547 1322 tribuere
557 1281 658 1322 Deorum.

100 1353 171 1398 Altera
180 1356 281 1411 Pygmaea
291 1353 362 1398 fatum
371 1353 493 1396 miserabile
503 1353 578 1395 matris

99 1429 149 1470 Pars
158 1427 236 1470 habet:
246 1427 302 1470 hane
311 1429 368 1470 luno
377 1426 458 1468 victam
468 1424 585 1468 certamine
590 1423 658 1480 jussit

98 1502 147 1544 Esse
156 1514 244 1555 poem,
253 1499 382 1556 populisque
391 1499 436 1541 suis
445 1498 538 1541 indicere
548 1497 638 1540 bellum.

98 1574 168 1631 Pingit
176 1584 198 1617 et
206 1574 337 1629 Antigonen,
346 1588 423 1616 summ
432 1573 561 1616 contendere
570 1571 685 1627 quondam

98 1649 153 1691 Cum
163 1646 235 1702 magni
245 1657 343 1689 consorte
352 1646 420 1697 lovis;
430 1659 496 1702 quam
506 1644 563 1701 regie
572 1647 629 1687 luno

97 1725 123 1766 ln
131 1721 241 1764 volucrem
250 1721 325 1763 vertit:
336 1735 375 1763 nec
384 1719 468 1775 profuit
476 1720 530 1762 llion
539 1719 582 1770 illi,

97 1796 245 1840 Laomedonve
254 1804 321 1850 pater,
331 1795 408 1838 sumtis
417 1794 470 1850 quin
481 1794 572 1836 candida
580 1793 658 1849 penms

96 1872 145 1926 ipsa
153 1869 194 1911 sibi
203 1868 293 1924 plaudat
301 1869 420 1923 crepitante
428 1867 512 1910 ciconia
520 1877 597 1910 rostro.

96 1944 138 2001 Qui
147 1951 244 1998 superest
252 1939 322 1990 solus,
330 1941 425 1997 Cinyran
433 1941 499 1983 habet
508 1939 599 1996 angulus
609 1940 691 1982 orbum
699 1956 707 1980 z

95 2018 157 2072 isque
166 2015 245 2071 gradus
255 2013 341 2070 templi,
350 2024 452 2056 natarum
462 2014 561 2056 membra
570 2027 673 2064 suarum,

96 2088 243 2146 implectcns.
253 2101 347 2142 saxoque
353 2085 440 2143 jacens,
450 2085 568 2144 lacrymare
578 2086 672 2130 videtur,
