1667 2592
80 203 99 229 v.
112 193 162 243 ⁵79·
316 186 416 227 ultan
433 187 482 228 111.
692 198 719 241 97

81 279 116 319 «0
126 276 235 332 periture,
244 284 325 329 tuaque
335 274 381 317 ullis
390 276 521 318 documenta
530 276 608 318 dature

81 353 162 402 Morte,
172 349 214 399 nit,
224 350 263 392 ede
273 358 337 392 tuum
347 363 440 400 nomen,
448 363 573 405 nomenque
581 358 710 405 parentum,

80 425 105 465 Et
115 422 221 479 patriam3
232 422 342 477 morisque
351 422 401 464 novi
409 436 450 464 cuo
458 436 519 465 sacra
528 421 676 478 frequentes.»

3 544 4 553 γ
111 495 150 538 Ille
159 505 221 538 metu
230 509 322 538 vacuus:
334 512 345 534 α
351 497 438 537 Nomen
447 496 514 546 mihi,
523 496 589 547 dixit,
597 500 691 538 dcoetes:

3 556 5 587 ἶ
81 568 164 619 Patria,
174 568 265 611 Maeonia
274 579 319 611 est:
329 568 407 611 humili
416 570 443 611 de
452 569 514 625 plebe
523 579 629 625 parentes.

81 645 132 686 lion
143 642 210 692 mibi,
218 656 267 697 quoe
276 642 326 684 duri
335 642 441 694 colerent,
450 653 517 699 puter,
526 656 577 685 arva
583 641 683 698 juvenci,

82 717 224 772 lanigerosve
233 728 317 773 greges,
326 729 371 758 non
380 716 425 759 ulla
433 727 533 759 armenta
541 716 635 771 reliquit.

82 793 167 846 Pauper
175 798 197 831 et
205 789 251 844 ipse
260 788 315 832 fuit:
325 788 413 844 linoque
421 789 505 832 solebat
514 799 536 832 et
544 790 611 830 hnmo

82 864 194 919 Decipere,
204 873 226 905 et
234 862 319 905 calamo
328 861 428 905 salientes
436 863 515 905 ducere
524 862 598 919 pisces.

81 941 120 981 Ars
129 937 161 980 illi
170 952 211 980 sua
220 951 296 980 census
305 947 357 980 erat.
367 939 441 995 Quum
451 938 545 980 traderet
553 946 635 988 ertem3

81 1013 171 1069 decipe,
179 1027 234 1069 quas
242 1012 324 1063 babeo,
333 1011 400 1054 studii
409 1025 519 1054 successor
527 1021 549 1055 et
557 1011 631 1063 heres,

82 1086 150 1137 uixit,
160 1100 224 1142 opes:
234 1085 371 1140 moriensque
381 1085 435 1127 mihi
445 1085 499 1127 nihil
507 1085 543 1128 ille
554 1085 650 1141 reliquit,

82 1164 160 1204 Praeter
169 1174 243 1216 equas.
252 1162 325 1202 Unum
335 1159 376 1202 boc
386 1172 476 1215 possum
485 1159 567 1217 appella
571 1173 592 1202 re
602 1169 730 1215 paternum.

83 1239 133 1280 lllox
142 1249 193 1292 eqo,
202 1249 230 1278 ne
239 1234 332 1290 scopulis
341 1234 445 1277 haererem
454 1249 539 1291 semper
548 1236 570 1277 in
580 1236 660 1288 isdem,

83 1310 180 1353 Addidici
189 1309 296 1365 regimen,
306 1309 380 1350 dextre
390 1309 528 1359 moderante,
538 1308 616 1351 carina

83 1385 187 1435 elecem
196 1393 218 1426 et
227 1382 305 1425 Oleniae
314 1382 374 1425 sidus
382 1381 476 1437 pluviale
486 1381 583 1440 capellae,

83 1462 245 1516 Taygetenque,
255 1459 382 1515 Hyadesque
390 1457 471 1507 oculis.
479 1462 602 1513 Arctonque
611 1456 696 1510 notavi,

84 1535 249 1588 Ventorumque
257 1533 347 1583 domos,
356 1542 378 1574 et
386 1542 463 1587 portus
471 1532 582 1589 puppibus
591 1542 659 1589 aptos.

83 1610 145 1651 Forte
155 1617 230 1663 petens
239 1605 316 1656 Delon,
325 1605 383 1650 cute
393 1604 475 1648 telluris
484 1607 511 1649 ad
520 1620 570 1649 oras

84 1681 194 1737 Adplicor,
202 1689 224 1722 ct
233 1679 312 1722 dextris
321 1679 418 1722 adducor
428 1678 492 1722 litore
500 1680 577 1732 remis;

84 1755 157 1810 Doque
167 1753 224 1795 leves
232 1750 311 1802 soltus,
321 1751 411 1807 udeque
421 1751 502 1794 innitor
511 1765 587 1794 nrenae.

84 1830 131 1871 Nox
141 1828 180 1871 ubl
189 1836 306 1870 consumta
315 1836 358 1878 est,
367 1830 451 1873 Aurora
460 1829 573 1870 rubescere
581 1827 680 1882 primum

84 1904 194 1959 Coeperat:
204 1915 307 1957 exsurgo,
316 1901 433 1957 laticesque
439 1900 521 1944 inferre
530 1911 626 1943 recentes

85 1978 208 2027 Admoneo3
218 1986 360 2031 monstroque
369 1975 438 2024 mam.
447 1990 496 2031 quae
504 1976 570 2017 ducet
579 1975 607 2016 ad
617 1974 694 2016 undas.

85 2052 142 2107 lpse,
152 2050 205 2106 quid
215 2063 270 2092 aura
279 2048 334 2091 milti
344 2047 431 2091 tumulo
440 2047 554 2103 promittat
563 2046 592 2088 ab
600 2044 656 2096 alto,

85 2122 203 2179 Prospici03
212 2121 345 2177 comitesque
355 2135 420 2171 voco,
429 2130 545 2176 repetoque
555 2118 659 2160 carinam.

86 2199 194 2242 tuumne
202 2211 242 2250 en,
251 2196 323 2252 iuquit
331 2195 441 2239 sociorum
450 2194 536 2250 primus
544 2190 657 2246 Opheltes:
