1667 2592
131 182 174 237 ²94
282 166 612 223 uarruoaerosnort
688 182 771 238 assa

130 270 183 312 Utve
192 276 256 311 tener
264 266 350 325 gravida
359 275 435 309 manat
444 264 520 309 tellure
529 266 641 320 bitumen3

130 342 184 384 Utve
192 341 233 383 sub
242 341 360 383 adventum
368 338 470 396 spirantis
479 337 528 380 lene
536 341 618 382 Favoni

35 405 37 409 ’
130 413 178 457 Sole
187 413 325 464 remollescit,
334 425 383 469 qna
392 411 472 468 frigore
480 412 577 455 constitit
586 413 660 455 unda:

130 486 164 529 Sic
173 486 274 544 lacrymis
283 486 452 529 consumtasuis
460 484 559 527 Phoebeia
568 485 641 542 Byblis

131 561 228 605 Vertitur
236 561 259 604 in
268 559 363 610 iontem,
373 559 411 616 qui
420 573 479 602 nnnc
488 573 576 615 quoque
586 560 680 603 vallibus
690 561 735 605 illis

130 636 218 678 Nomen
226 634 292 678 habet
300 634 405 686 domina,
414 632 519 689 nigraque
528 632 570 675 sub
579 631 628 675 ilice
637 644 724 678 manat.

159 783 187 824 X.
197 782 262 824 Faus
270 781 321 824 nori
329 790 419 824 eentum
427 781 519 824 Creteis
528 779 619 823 forsitan
628 781 696 824 urbes

130 856 242 912 implesset
252 855 353 908 monstri;
363 856 436 899 sinon
444 854 551 898 miracula
559 869 636 912 nuper,
820 886 822 937 p

130 928 206 985 lpbide
215 937 311 979 mutata,
320 929 381 971 Crete
389 926 491 984 propiora
501 926 591 970 tulisset

130 1002 404 1047 ProximaGnosiaeouam
413 1000 702 1058 quondnml’bestiaregno
820 966 822 1047 i

131 1074 624 1131 Progenuittellus‚ignotonominebiffdum‚
820 1050 822 1139 l

130 1151 228 1205 Ingenua
237 1148 264 1190 de
272 1147 335 1204 plebe
344 1147 424 1190 virum.
434 1149 480 1190 Nec
488 1161 565 1190 census
573 1147 597 1188 in
605 1145 643 1188 illo

131 1220 249 1266 Nobilitate
258 1234 298 1265 sua
307 1219 391 1277 major:
401 1220 440 1263 sed
448 1220 492 1263 viu
501 1220 597 1276 fidesque

130 1294 243 1350 inculpata
253 1293 302 1337 luit
311 1292 406 1337 Gravidae
415 1292 453 1349 qui
462 1291 562 1349 conjugis
570 1305 633 1335 aures

132 1369 227 1412 Vocibus
235 1368 269 1411 his
278 1366 357 1419 movit,
367 1380 438 1423 quum
443 1365 492 1423 jam
501 1380 568 1423 prope
578 1376 653 1423 partus
663 1368 759 1413 adesset:

132 1459 145 1484 «
151 1445 203 1500 Quae
211 1455 302 1486 voveam
310 1443 355 1485 duo
364 1452 428 1485 sunt:
439 1441 532 1485 minimo
541 1450 566 1485 ut
574 1441 666 1485 relevere
674 1442 761 1496 labem

131 1517 201 1572 thue
210 1529 294 1559 marem
303 1515 380 1572 parias.
389 1514 506 1559 Onerosior
514 1514 581 1558 altera
589 1529 635 1558 sors
644 1525 688 1569 est;

130 1592 158 1634 Et
166 1590 221 1632 vires
230 1589 319 1635 fortuna
328 1600 398 1647 negat.
408 1590 473 1647 Quod
481 1590 603 1643 abominor,
612 1603 663 1646 ergo

131 1662 193 1705 Edita
202 1661 257 1704 forte
267 1670 305 1704 tuo
315 1661 382 1705 fuerit
390 1663 408 1705 si
417 1662 501 1705 femina
509 1672 573 1718 partu

131 1734 227 1794 (Inritus
237 1735 329 1778 maudo:
339 1737 419 1791 pietas,
429 1734 541 1792 ignosce),
549 1745 664 1777 necetur.»
821 1738 823 1837 p

158 1809 255 1852 Dixerat:
265 1816 287 1850 et
296 1806 396 1864 lacrymis
404 1808 490 1852 vultum
499 1808 569 1850 lavere
576 1807 682 1864 profusis,

129 1886 184 1928 Tam
193 1883 231 1940 qui
241 1882 370 1932 mandabat,
380 1896 447 1938 quam
456 1883 492 1925 eui
501 1884 604 1926 mandate
612 1883 728 1927 dabantm.

129 1956 171 1998 Sed
181 1965 254 1998 tamen
263 1967 331 2011 usque
340 1967 406 1997 snum
415 1955 476 1997 vanis
484 1954 599 1997 Telethusa
608 1955 712 1997 maritum

131 2029 235 2072 Sollicitat
244 2029 355 2086 precibus,
364 2043 391 2072 ne
400 2043 462 2086 spem
470 2029 511 2073 sibi
520 2038 588 2085 ponat
596 2029 619 2072 in
627 2039 693 2073 arcto.

130 2104 193 2146 Certa
202 2115 241 2144 sua
250 2112 282 2146 est
290 2103 356 2159 Ligdo
365 2104 470 2147 sententia
478 2119 484 2144 :
490 2102 583 2160 jamque
591 2103 681 2146 ferendo

131 2174 171 2216 Vir
180 2183 226 2217 erat
234 2173 271 2217 ille
280 2187 367 2231 gravem
377 2186 465 2221 maturo
473 2177 568 2234 pondere
577 2186 687 2231 rentremp
