1667 2592
85 222 107 251 v.
121 212 175 252 310.
332 211 432 254 LIBER
450 211 492 253 Vl.
689 214 730 266 '179

85 298 136 343 Flet
146 310 232 350 tamen,
242 310 265 342 et
273 299 338 343 validi
348 298 481 344 circumdata
491 301 577 343 turbine
585 300 642 343 venti

85 374 114 414 ln
123 372 220 428 patriam
230 383 292 429 rapta
301 383 344 424 est;
355 373 392 416 ubi
402 373 446 416 fixa
454 374 568 417 cacumine
577 373 657 416 montis

87 447 199 503 liquitur,
208 457 230 491 et
238 447 346 506 lacrymas
355 449 477 492 etiamnum
487 462 598 492 marmora
607 457 704 491 manant.

118 595 177 636 Vlll.
187 595 239 637 ant
249 609 299 637 vero
310 597 363 638 tanti
374 595 514 638 manifestam
524 595 621 637 numinis
630 594 686 636 iram

87 666 181 709 Femina
190 667 264 723 virque
274 668 361 719 timent;
371 667 475 722 cultuque
484 667 602 722 impensius
611 679 687 708 omnes

86 742 167 797 Magna
177 741 319 798 gemelliparae
328 752 459 785 venerantur
466 741 559 784 numina
567 739 629 783 nivae.

87 815 162 869 thue
171 812 207 865 nt,
217 828 230 856 a
240 813 297 858 iacto
307 815 406 871 propiore
415 815 488 871 priora
498 823 616 856 renarrant.

86 889 104 930 E
113 887 195 942 quibus
204 901 261 930 uuus
271 888 301 931 ait
309 904 314 929 :
323 889 389 946 Lycia
398 900 485 944 qunque
495 886 570 930 fertilis
579 887 634 943 agris

87 960 151 1002 llaud
161 960 251 1017 impune
260 964 325 1004 Deam
334 972 415 1005 veteres
424 976 520 1019 sprevere
530 961 608 1004 coloni.

87 1035 129 1076 lies
138 1034 232 1076 obscura
239 1034 327 1089 quidem
337 1045 369 1078 est
377 1035 512 1092 ignobilitate
521 1035 630 1089 virorum

88 1108 144 1151 blica
155 1118 235 1151 tamen.
245 1106 294 1152 Vidi
303 1124 394 1167 prasens
403 1120 548 1167 stagnumque
558 1110 673 1165 lacumque

86 1183 187 1239 Prodigia
196 1193 274 1226 notum
283 1201 288 1225 :
298 1198 350 1227 nam
361 1185 451 1241 mejam
461 1185 627 1241 grandiorem,

86 1255 248 1313 Impatiensque
257 1257 295 1299 ria
304 1257 387 1313 genitor
396 1256 502 1298 deducere
512 1256 577 1298 lectos

85 1329 183 1371 Jnsserat
192 1328 242 1371 inde
251 1328 327 1383 bovem
338 1327 449 1384 gentisque
459 1328 516 1370 illius
525 1326 585 1369 eunti

87 1404 135 1459 lpse
144 1403 223 1445 ducem
232 1403 325 1446 dederat.
334 1405 444 1458 Cumque
453 1402 507 1444 dum
517 1414 596 1458 pascua
605 1399 684 1458 lustro,

86 1479 139 1521 Ecce
148 1476 207 1520 lacus
217 1477 409 1520 medlo'sacrorum
420 1477 480 1532 nigra
490 1475 562 1518 favilla

86 1554 129 1595 Ara
138 1560 198 1595 vetus
207 1553 290 1603 stabat,
301 1551 398 1595 tremulis
407 1552 542 1595 circumdata
551 1551 632 1594 cannis.

86 1625 181 1681 testing
191 1636 213 1668 et
222 1626 309 1682 parido,
319 1627 398 1668 Faveas
407 1625 473 1677 mihi,
482 1638 597 1668 murmure
605 1625 658 1669 dixit

86 1702 133 1743 Dux
143 1714 217 1743 meus:
228 1711 249 1743 et
258 1699 335 1750 simili,
344 1701 434 1751 Faveas,
443 1713 482 1756 ego
492 1713 605 1742 murmure
614 1699 664 1742 dixi.

86 1772 208 1822 Naiadum,
217 1772 313 1815 l'auninc
322 1771 378 1815 foret
387 1783 460 1816 tamen
470 1784 507 1814 ara
517 1772 631 1827 rogabam,

85 1846 217 1902 ludigenaeve
225 1846 273 1896 Βοὴ
282 1858 352 1901 quum
362 1846 413 1889 talia
422 1844 514 1888 reddidit
523 1845 612 1900 hospes:

87 1935 99 1957 ι
106 1919 155 1961 llou
164 1918 215 1970 bac,
225 1931 238 1960 ο
245 1917 344 1974 juvenis,
353 1927 484 1961 montanum
493 1930 576 1959 numen
585 1916 608 1961 in
616 1929 654 1957 ara
662 1924 700 1958 est.

86 1991 123 2034 llla
131 2005 194 2034 suam
204 2002 266 2034 rotat
275 1991 341 2043 hanc,
350 1992 386 2034 cui
394 1992 506 2047 quondam
516 1989 574 2046 regia
581 1991 638 2031 luno

87 2065 165 2108 Orbem
174 2062 297 2106 interdixit:
306 2077 373 2119 quam
383 2063 417 2105 rin
427 2062 517 2104 erratica
526 2058 587 2102 Delos

87 2140 188 2181 Orantem
198 2139 291 2194 aceepit,
303 2148 350 2180 tum
359 2151 430 2193 quum
441 2136 491 2178 levia
499 2133 570 2176 insul-a
580 2135 651 2178 nabat.

87 2211 144 2264 Illic,
152 2211 281 2255 incumbens
290 2223 342 2255 cum
351 2209 442 2253 Palladis
449 2208 527 2250 arbore
535 2205 623 2263 palma,
