1667 2592
71 188 93 217 v.
105 176 159 230 4¹⁷·
312 173 411 216 attan
428 174 473 216 ΙΧ.
668 179 709 219 285

104 263 154 305 idac
163 260 201 304 ubi
211 258 306 304 faticano
314 260 400 304 venturi
408 260 495 316 pruscia
503 260 557 304 dixit

74 336 119 377 Ore
129 333 227 386 Themis,
239 332 299 376 vario
308 332 382 389 Superi
391 345 491 375 sermono
499 332 635 378 tremebant:

71 408 102 450 Et
108 420 117 458 ,⁴
124 419 164 449 cur
172 420 217 449 non
226 405 272 449 aliis
281 406 357 448 eadem
366 406 418 448 dare
427 406 484 448 dona
493 405 576 459 liceret,

70 482 177 524 Murmur
186 489 238 523 erat.
248 480 351 537 Quaeritur
360 488 440 522 vetares
449 478 562 522 Pallantias
570 493 638 523 annos

70 551 178 608 conjugis
187 565 232 596 esse
240 552 287 596 sui:
297 551 396 607 queritur
404 564 514 595 unescere
523 553 581 595 mitis

68 626 159 669 Iasiona
166 627 241 669 Cerea:
254 625 369 682 repetitum
379 625 483 667 Mulciber
491 637 561 667 aarum

68 698 143 744 Poscit
152 699 302 743 Erichthonio:
311 700 418 741 Venerem
427 711 513 754 quoque
522 712 575 741 cura
584 698 653 743 futuri

69 773 162 830 Tangit,
172 782 193 817 et
202 774 298 817 anetae
308 786 412 817 renovare
421 773 536 829 paciscitur
544 788 619 817 annos.

70 848 114 893 eui
123 849 220 901 studeat,
229 851 284 892 Deus
294 849 366 892 omnis
374 848 450 892 habet:
459 847 577 903 crescitque
585 848 658 892 farore

71 923 171 969 Turbida
179 923 267 977 seditio,
276 920 344 966 donec
353 937 392 966 sua
400 923 484 979 Jupiter
492 937 530 966 ora

71 996 154 1041 Solvit:
164 1007 197 1050 et,
207 998 254 1040 «Oi
264 998 333 1041 nostri
341 997 359 1040 si
369 1010 413 1054 qua
422 1007 454 1040 est
463 996 591 1051 reverentia,
600 997 664 1050 dixit,

70 1072 123 1129 Quo
132 1070 207 1113 ruitis?
216 1080 330 1115 tantumne
338 1071 379 1114 sibi
387 1071 437 1127 quis
445 1085 507 1128 posse
516 1071 607 1123 videtur,

71 1146 126 1189 Fata
135 1157 221 1200 quoque
233 1154 258 1188 ut
266 1150 364 1200 superstt
372 1146 429 1188 Fatis
436 1143 507 1188 loians
515 1145 538 1186 in
548 1158 628 1198 annos,

74 1219 136 1278 Quos
144 1218 197 1275 egit,
207 1219 283 1271 rediit3
293 1217 343 1262 fatis
349 1218 487 1275 juvenescere
496 1220 576 1262 dehent

73 1292 181 1337 Callirhoe
190 1292 267 1350 geniti3
277 1305 323 1335 uon
332 1292 461 1343 ambitione,
472 1306 511 1335 nec
520 1294 593 1336 armis.

74 1367 120 1409 Vos
132 1366 210 1418 etiarn,
219 1379 307 1422 quoque
316 1365 358 1408 hoc
366 1365 441 1409 animo
451 1364 539 1408 meliore
548 1365 631 1417 teraris,

72 1441 108 1484 hie
118 1453 215 1496 quoqne,
225 1439 270 1483 iata
280 1449 365 1496 regunt:
378 1453 427 1495 qnae
435 1440 452 1481 si
465 1439 662 1493 marmoratam,

72 1515 119 1557 Nec
127 1522 227 1557 nostrum
236 1513 278 1556 aeri
287 1522 401 1556 curvarent
410 1517 487 1557 AEacon
497 1513 559 1566 anui,

73 1589 247 1643 Perpetuumque
255 1587 294 1630 ovi
304 1587 379 1630 florem
388 1587 565 1630 Rhadamanthus
574 1587 672 1641 haberet,

75 1663 132 1707 Cum
143 1661 212 1705 Minoe
222 1676 281 1713 meo3
291 1662 330 1719 qui
338 1672 427 1720 propter
435 1676 510 1705 amara
518 1673 607 1706 senectae

74 1737 172 1780 Pondera
180 1736 303 1794 despicitur,
312 1752 363 1790 nec,
372 1752 417 1795 quo
426 1738 496 1795 prius,
505 1738 581 1781 ordine
589 1748 688 1795 regnat.»

104 1810 164 1853 Dicta
172 1810 229 1854 iovis
238 1824 323 1854 movero
332 1813 398 1855 Deos:
408 1826 448 1855 nec
456 1813 548 1855 sustinet
557 1812 624 1862 nllus,

74 1888 150 1944 Quum
160 1885 246 1929 videant
255 1884 321 1929 fessos
330 1887 509 1931 Rhadamanthon
518 1896 540 1929 et
549 1889 625 1928 AEacon
634 1885 708 1937 annis,

74 1961 101 2004 Et
109 1960 192 2012 Minoa,
200 1958 269 2015 queri.
280 1959 333 2016 Qui,
342 1961 397 2004 dum
405 1960 448 2005 init
456 1962 538 2015 integer
545 1958 595 2009 evi,

75 2035 191 2078 Terruerat
200 2044 300 2089 magnas.
309 2033 356 2090 ipso
365 2045 452 2090 quoque
461 2031 560 2083 nomine,
570 2041 649 2087 genta.

73 2109 136 2152 tunc
146 2116 192 2150 erat
200 2105 318 2159 invalidus,
326 2106 486 2162 Deionidenque
493 2104 588 2161 juvente

75 2183 160 2229 Robore
170 2180 281 2234 murum,
291 2181 412 2239 Phoehoque
421 2188 510 2241 parente
518 2180 648 2236 superbum,
