1667 2592
65 162 83 188 v.
96 147 144 188 258.
302 143 401 185 LIBER
418 144 460 185 vt.
657 156 699 196 177

64 234 133 277 Altera
144 246 182 288 per
187 231 292 287 jugulum
303 231 378 288 pennis
388 242 451 274 tenus
460 240 508 273 acta
517 231 594 287 sagitta
604 240 641 273 est.

65 306 149 363 Expulit
159 306 215 347 lianc
224 305 321 360 sanquis:
332 318 396 360 seque
405 304 524 360 ejaculatus
534 305 557 346 in
566 304 636 347 altum

65 381 158 426 Emicat,
168 388 190 420 et
199 378 260 433 longe
272 378 376 420 terebrata
386 377 470 433 prosilit
478 392 538 420 aura.

66 452 158 494 Ultimus
168 450 260 492 llionens
270 464 315 491 noa
324 449 448 505 profectura
457 451 565 506 precando

66 526 152 568 Brachia
161 524 312 573 sustuleratzbu
319 527 384 579 Dique
395 539 408 566 o
418 525 565 566 communiter
574 525 660 566 omnes!

66 602 151 643 Dixerat
160 600 261 656 (ignarus
271 614 315 640 non
325 613 400 641 omnes
410 613 454 641 esse
465 599 595 655 rogandos),

66 673 172 715 Parcite.»
183 675 253 714 illotus
263 683 319 721 erat.
329 687 399 728 quum
405 671 454 727 jam
465 673 583 715 revocabile
594 673 661 716 telum

68 750 116 790 Non
126 747 180 798 fuir,
189 750 323 789 Arcitenens:
333 747 425 788 minimo
436 756 509 789 tamen
519 747 597 790 occidit
606 748 641 790 ille

67 823 173 874 Vulnere;
182 836 227 864 non
236 822 278 864 alte
287 836 387 877 percusso
397 823 460 864 corde
469 822 553 877 sagitta.

95 899 161 938 Fama
171 895 234 942 rnali,
245 895 362 951 populique
371 895 439 946 dolor,
450 895 592 952 lacrymaeque
601 910 691 940 suorum

68 973 122 1014 Tam
131 969 208 1012 subitae
218 980 309 1011 matrem
319 980 400 1012 certam
411 968 479 1012 fecere
490 970 567 1022 ruina,

69 1045 185 1086 Mirantem
195 1043 301 1098 potuisse3
310 1043 492 1099 irascentemque,
502 1046 560 1101 quod
571 1046 617 1088 ausi

69 1119 113 1159 lioe
122 1125 192 1158 essent
201 1115 286 1171 Superi.
297 1117 355 1171 quod
366 1127 452 1163 rantum
459 1115 516 1172 juris
525 1118 637 1160 haberent.

68 1191 124 1231 Nam
135 1196 197 1244 pater
205 1188 324 1243 Amphion,
335 1188 392 1230 ferro
401 1202 440 1243 per
449 1200 523 1244 pectus
533 1191 620 1242 adacto,

68 1263 163 1305 finierat
172 1261 266 1303 moriens
276 1261 356 1317 pariter
364 1276 415 1303 cum
425 1262 472 1304 luce
482 1262 586 1305 dolorem.

69 1337 126 1378 lieu!
136 1346 243 1390 quantum
254 1335 298 1377 liare
308 1335 377 1376 Niobe
387 1335 456 1376 Niobe
466 1335 559 1379 distabat
568 1338 595 1379 ab
605 1336 653 1390 illa,

69 1411 122 1467 Qua
132 1409 198 1449 modo
209 1408 278 1449 tarois
287 1407 394 1463 populum
404 1408 543 1451 submoverat
552 1410 605 1460 aris.

69 1485 95 1526 Et
105 1481 200 1523 mediam
211 1480 289 1523 tulerat
298 1495 381 1536 pressus
391 1481 491 1537 resupina
501 1496 539 1537 per
550 1484 637 1537 urbem,

69 1553 178 1597 Invidiosa
187 1554 242 1595 suis!
253 1562 276 1594 at
285 1567 343 1595 nunc
353 1553 474 1595 miseranda
484 1554 516 1595 vel
525 1555 589 1599 hosti.

69 1627 202 1684 Corporibus
212 1626 286 1682 gelidis
295 1627 414 1681 incumbit3
425 1637 446 1669 et
455 1629 530 1671 ordine
539 1630 600 1672 nullo

70 1701 149 1744 Oscula
158 1701 267 1756 dispensat
277 1711 337 1742 uatos
347 1715 448 1757 suprema
457 1715 495 1757 per
505 1717 586 1746 omnes.

68 1778 85 1818 A
95 1773 177 1830 quibus
186 1774 215 1814 ad
223 1771 302 1815 coeliim
311 1773 398 1816 liventia
407 1774 495 1816 brachia
506 1777 605 1819 tendens:

71 1867 83 1887 a
90 1852 189 1899 Pascere,
198 1846 301 1898 crudelis,
311 1858 396 1898 nostro,
405 1851 498 1900 Latona,
507 1850 593 1900 dolore,

69 1923 169 1968 Pascere.
179 1919 221 1970 air;
230 1919 326 1974 satiaque
336 1933 384 1962 meo
395 1931 432 1962 tua
441 1931 527 1976 pectora
536 1922 609 1975 lucta,

69 1997 156 2051 Corque
166 1993 238 2036 ferum
248 1992 312 2044 satia,
322 1993 387 2035 dixit:
398 2008 437 2050 per
446 1994 523 2041 funera
531 2006 614 2050 septem

3 2076 4 2125 j
69 2070 169 2114 Efferor:
180 2067 275 2119 exsuita,
284 2068 402 2123 victrixque
413 2067 500 2110 inimica
511 2068 628 2123 triumpha.

3 2156 4 2181 t
68 2146 115 2187 Cur
124 2154 200 2187 antem
210 2140 297 2184 victrixt
306 2141 389 2183 misera.²
399 2140 454 2182 mibi
463 2138 526 2195 plura
535 2152 661 2197 supersunt,
