1667 2592
52 206 117 258 eie
199 223 202 229 ‚
301 204 402 246 monn
419 205 452 246 ir.
667 210 694 261 41

51 298 120 350 Inque
130 294 191 337 diem
201 292 313 350 alipedum
320 292 359 349 J'us
368 303 389 336 et
398 295 539 337 moderamen
549 307 662 350 equomm.

52 369 153 412 Poenituit
158 368 247 425 jurasse
256 376 354 423 patrem,
363 367 401 424 qui
411 377 485 424 terque
493 377 613 424 quaterque

52 443 184 487 Concutiens
195 443 278 501 illustre
289 451 368 499 caput:
379 443 530 493 «Temeraria,
539 443 604 494 dixit,

53 519 98 560 Vox
109 531 161 559 mea
170 515 229 559 faeta
239 526 279 558 tua
287 524 327 559 est.
337 514 424 559 Utinam
434 517 539 572 promissa
548 516 622 560 liceret

53 593 100 634 Non
111 591 177 633 dare!
188 588 306 640 confiteor,
317 588 389 631 sotum
399 589 441 631 hor
450 589 500 637 tihi.
511 600 573 642 nate,
584 604 691 647 negarem.

52 663 181 706 Dissuadere
191 661 247 704 licet
257 663 309 703 Non
319 670 351 703 est
359 670 396 703 tua
407 671 454 705 tuta
463 661 570 704 voluntas.

54 737 131 792 itaqua
140 734 210 791 petis,
218 733 343 782 Phaethon,
352 743 374 775 et
382 747 431 788 quae
440 748 480 776 nec
491 733 572 776 viribus
581 734 626 777 istis

55 811 147 853 Munera
155 809 300 857 conveniant.
310 821 349 850 nec
359 818 404 850 tam
413 807 535 864 puerilibus
543 808 613 850 annis.

55 884 103 926 Sors
113 894 154 926 tua
163 882 276 925 mortalis:
286 895 331 924 non
341 892 373 925 est
382 883 475 925 mortale
483 882 543 939 quod
553 892 620 938 optas.

56 955 104 998 rtus
113 955 197 1001 etiam.
206 968 274 1009 quam
284 955 344 1010 quod
353 955 439 1010 Superis
448 955 572 1012 contingere
581 954 614 1000 fas
623 956 661 1007 sit,

57 1028 148 1071 Nescius
157 1025 265 1070 adfectas:
274 1026 358 1083 placent
365 1028 407 1071 sihi
416 1029 508 1084 quisque
516 1029 600 1081 licebit;

57 1104 104 1145 tion
115 1112 195 1145 tamen
204 1100 296 1156 ignifero
305 1101 420 1157 quisquam
431 1103 545 1145 consistere
554 1103 576 1146 in
586 1118 636 1157 exe,

59 1178 97 1229 tte,
107 1176 174 1228 vaiet,
183 1185 279 1232 excepto.
290 1175 349 1218 Vasti
358 1191 445 1232 quoqne
455 1188 526 1221 rector
533 1177 629 1235 Olympi,

59 1252 99 1309 Qui
110 1251 159 1294 fera
169 1250 260 1294 terrihrii
266 1250 379 1307 jaculatur
387 1251 482 1294 fulmina
491 1253 576 1302 dextra,

60 1325 109 1367 ron
119 1323 222 1380 agathos
232 1336 322 1366 currus:
333 1325 415 1381 etquid
425 1327 476 1367 lore
486 1324 558 1379 majus
567 1324 686 1369 habemus?

89 1416 101 1437 a
107 1398 184 1441 Ardua
193 1397 265 1452 prima
274 1396 307 1439 via
317 1407 358 1449 αις
369 1404 390 1441 et
399 1411 443 1454 quu
453 1398 487 1439 rix
495 1410 561 1439 mane
570 1408 663 1442 recentes

63 1473 181 1516 Enitantur
189 1471 241 1528 equi
249 1486 253 1511 ;
264 1472 337 1515 medio
346 1483 378 1515 est
387 1473 491 1515 altissima
502 1471 566 1524 coeio,

65 1550 123 1592 {inde
134 1561 197 1591 mare
207 1558 229 1590 et
239 1558 306 1590 terras
315 1547 355 1604 ipsi
365 1547 421 1590 mihi
430 1561 485 1604 sape
494 1547 566 1591 videre

17 1646 18 1649 =
65 1620 96 1665 rit
106 1621 181 1672 timor,
191 1630 214 1662 et
223 1620 301 1677 pavida
310 1619 404 1676 trepidet
414 1620 531 1663 formidine
540 1633 622 1678 pectus.

67 1694 147 1739 Ultima
155 1707 227 1750 prona
237 1693 272 1736 via
281 1703 325 1743 est,
334 1702 356 1737 et
365 1703 412 1749 eget
422 1695 571 1737 moderamine
580 1707 646 1741 certo.

68 1769 126 1811 Tune
137 1768 205 1810 etiam
213 1800 219 1817 ,
228 1781 277 1823 quae
287 1781 323 1809 me
331 1766 435 1824 subjectis
444 1767 522 1824 excipit
531 1769 605 1821 undis.

70 1845 101 1887 Ne
110 1843 170 1885 ferar
179 1843 203 1885 in
212 1855 318 1900 preceps,
327 1843 407 1900 Tethys
418 1842 472 1886 solet
481 1844 527 1900 ipsa
537 1847 611 1888 vereri.

69 1919 138 1965 node,
147 1917 207 1972 quod
216 1916 304 1959 assidua
313 1915 398 1972 rapitur
407 1916 511 1972 vertigine
519 1917 610 1970 coelum3

70 1991 184 2045 Sideraque
194 1989 238 2033 alta
248 1988 327 2038 trahit,
337 1987 443 2045 celerique
453 1987 564 2032 volumine
574 2000 668 2046 torquet.

71 2062 134 2106 uitur
143 2062 165 2104 in
175 2063 303 2113 adversum
314 2075 354 2104 neo
364 2075 411 2112 rue,
421 2062 459 2117 qui
469 2072 550 2112 cetera,
562 2063 628 2105 vincit

74 2138 182 2192 impetus;
192 2146 214 2179 et
223 2135 300 2192 rapido
310 2134 434 2177 contrarius
443 2135 522 2177 evehor
531 2133 586 2175 orbi.

73 2208 138 2265 finge
148 2209 211 2250 datos
219 2221 304 2252 currus.
314 2206 372 2264 Quid
380 2212 444 2263 agust
453 2205 562 2262 poterisne
571 2201 646 2246 rotatis

162 2296 203 2326 nr.
631 2282 648 2332 4
