1667 2592
127 166 167 206 ¹06
277 163 608 204 ntetentoueflosnore
696 178 716 206 v.
729 179 764 207 ae.

123 253 252 308 virgineum
262 262 329 308 eaput
337 262 368 294 est
377 268 381 292 ε
392 252 467 293 Oriens
478 252 516 293 tibi
528 251 607 303 rictus,
616 253 644 294 ad
654 267 723 309 usque

123 326 212 369 Decolor
222 336 318 369 extremo
328 339 371 380 qua
381 325 472 379 tingitur
480 324 540 366 india
550 327 628 380 Gange.

124 401 218 442 Penthea
228 409 263 449 tu,
274 398 405 449 venerande,
415 397 621 454 bipenniferumque
629 402 753 456 Lycurgum

124 473 242 529 sacrilegos
252 483 346 515 mactas:
356 472 510 528 Tyrrhenaque
520 472 587 515 mittis
597 473 619 514 in
629 486 704 528 aequor

123 549 225 601 Corpora.
234 548 267 587 Tu
277 545 377 600 bijugum
386 545 448 600 pictis
457 545 550 601 insignia
560 545 626 589 frenis

122 620 182 663 cotta
193 619 272 675 premis
281 618 370 674 lyncum
379 634 384 658 ε
396 617 482 661 Bacche
490 619 602 676 Satyrique
611 630 743 675 sequuntur,

122 695 207 752 Quique
216 708 280 736 senex
290 692 358 735 ferula
370 693 487 736 titubantes
496 694 568 737 ebrius
578 705 639 737 artus

120 770 226 817 Sustinet,
236 779 275 811 aut
285 770 356 823 pando
365 782 409 811 uon
420 768 504 811 fortiter
513 769 579 812 beret
587 769 659 811 asello.

122 844 255 897 Quacunque
265 841 392 896 ingrederis,
402 840 605 897 elamorjueeniiis,
615 852 637 885 et
647 856 691 884 una

122 916 226 958 Femiueae
237 929 308 965 voees,
318 914 456 970 impulsaque
466 925 568 970 tympana
579 915 668 970 palmis,

121 991 262 1045 Concavaque
271 1002 313 1031 nra
322 999 411 1039 sonant,
421 988 529 1045 longoque
538 989 645 1032 foramine
655 990 732 1032 buxus.

121 1065 223 1113 Pacatus,
233 1063 344 1118 mitisque,
355 1073 432 1118 rogant
441 1062 568 1113 Ismenides.
578 1064 646 1116 adsis;

121 1136 226 1191 iussaque
235 1149 295 1179 sacra
305 1135 386 1178 colunt.
396 1135 450 1177 Sole
460 1136 575 1192 Minyeides
584 1137 655 1189 intus,

121 1210 274 1266 intempestiva
283 1210 395 1252 turbantes
405 1208 458 1251 festa
469 1209 575 1261 Minerva,

120 1286 163 1326 Aut
171 1285 256 1327 ducunt
264 1283 334 1333 lanas¹
344 1293 383 1325 aut
392 1282 487 1325 stamina
495 1282 572 1338 pollice
583 1293 680 1336 versant,

120 1361 163 1403 dut
171 1359 253 1403 baerent
263 1358 320 1409 tdae,
330 1358 467 1412 famulasque
476 1357 587 1400 laboribus
597 1369 682 1415 urgent.

119 1434 135 1475 E
145 1433 225 1488 quibus
235 1447 279 1475 una
288 1432 328 1476 levi
338 1432 446 1474 deducens
455 1432 532 1487 pollice
542 1432 617 1485 filum,

119 1508 177 1550 Dum
187 1518 270 1550 cessant
279 1507 336 1557 aliae,
345 1516 513 1563 commentaque
522 1521 581 1549 sacra
592 1506 745 1564 frequentant:

120 1584 183 1624 «Nos
192 1597 289 1638 quoque¹
299 1597 354 1637 quas
364 1582 442 1634 eattae,
452 1582 529 1624 melior
537 1584 591 1632 Dea,
601 1583 695 1635 detinet,
706 1583 789 1641 inquit,

118 1654 173 1697 Utile
182 1668 237 1709 opus
247 1668 354 1696 manuum
365 1655 424 1696 vario
433 1668 532 1697 sermone
542 1654 648 1707 levernus;

116 1730 198 1785 Perque
208 1729 262 1771 vices
272 1728 364 1784 aliquid,
373 1730 433 1784 quod
443 1740 541 1785 tempora
550 1729 614 1786 ionga
624 1731 691 1774 videri

115 1803 165 1844 Non
174 1801 242 1854 sinat,
252 1801 275 1842 in
285 1800 381 1843 medium
392 1815 470 1853 vacuas
481 1801 598 1844 referamus
608 1804 635 1845 ed
644 1817 735 1846 aures.»

144 1877 203 1921 Dicta
213 1876 317 1932 probant.
327 1876 467 1931 primamque
472 1875 552 1932 jubent
562 1891 650 1921 narrare
659 1894 751 1923 soreres.

114 1951 154 1994 itta
161 1951 228 2021 ‚quid
237 1965 249 1992 e
260 1950 335 1992 multis
345 1950 424 1992 referat
434 1951 498 2007 (nam
509 1952 602 2008 piurima
612 1954 702 2011 norat),

116 2024 210 2079 nogium
221 2032 243 2065 et
255 2023 322 2064 dubia
332 2031 374 2072 est,
384 2023 410 2063 de
421 2032 452 2073 te,
462 2023 589 2079 Babylonia,
598 2035 683 2078 narret,

115 2099 208 2149 berceti,
218 2111 285 2154 quarn
296 2098 355 2139 e'ersa
365 2098 461 2152 squamis
471 2098 591 2142 velantibus
600 2109 663 2143 artus

113 2176 189 2228 stagna
201 2171 305 2215 Palaestini
315 2172 405 2215 eredunt
415 2172 531 2215 celebrasse
542 2173 623 2229 figura:
