1667 2592
119 186 159 239 144
268 185 595 229 uertuouettosuou
667 189 750 230 v.130.

115 273 175 315 Dives
183 272 229 328 agri
237 273 335 330 Dorylas,
343 286 387 328 quo
397 286 440 315 non
450 273 573 328 possederat
582 272 635 315 alter

114 347 196 396 Latius,
206 357 244 390 aut
255 348 343 389 totidem
353 347 443 389 tollebat
451 347 514 390 farris
523 360 615 390 acervos.

114 419 183 474 liuius
192 419 214 461 iu
225 420 313 474 obliquo
322 421 413 462 missum
422 420 480 463 stetit
488 419 576 475 inguine
583 419 666 463 ferrum
675 437 680 462 :

113 492 192 547 Letiier
200 493 235 536 ille
245 494 310 536 loeus.
320 496 389 550 Quem
401 503 517 550 postquam
527 494 620 538 vulneris
629 504 706 538 auctor

114 567 271 623 singultantem
280 569 388 618 animam,
399 579 421 611 et
430 579 549 612 versantem
559 570 643 612 lumina
653 571 707 614 vidit

114 640 208 683 Bactrius
216 641 358 698 Halcyoneus,
367 659 378 679 u
385 643 428 684 lloc
435 674 440 691 ,
447 643 506 697 quod
512 643 599 698 premis,
607 643 689 699 inquit,
698 644 778 687 habeto

114 713 143 773 De
153 722 185 755 tot
194 712 250 767 agris
259 722 319 755 terra
326 729 331 753 :
338 729 350 750 u
360 726 482 768 corpusque
491 727 597 769 exsangue
606 714 700 769 reliquit.

115 788 209 841 Torquet
218 787 239 828 iu
249 787 307 830 huuc
317 788 400 829 hastam
410 787 480 829 calido
491 789 517 830 de
526 788 614 830 vulnere
623 798 708 845 raptam

114 860 175 903 Ultor
183 861 323 904 Abantiades:
334 862 403 903 media
413 876 461 917 quae
470 876 521 905 nare
531 872 615 919 recepta

114 933 199 976 cervice
208 944 280 976 exacta
289 944 332 984 est,
342 935 363 975 in
373 945 487 990 partesque
495 935 576 978 eminet
585 937 667 978 ambas.

114 1007 214 1061 Dumque
222 1020 312 1049 manum
320 1008 414 1049 Fortuna
418 1007 494 1063 juvat,
501 1008 638 1065 Clytiumque
644 1008 777 1065 Claninque,

116 1079 183 1119 Matre
192 1087 248 1119 satos
259 1091 313 1128 uua,
322 1078 404 1119 diverso
413 1079 501 1121 vulnere
510 1079 574 1123 fudit.

115 1150 172 1191 Nam
183 1148 245 1204 Clytii
254 1163 292 1205 per
302 1160 420 1205 utrumque
428 1151 487 1205 gravi
497 1150 574 1193 librata
583 1151 662 1194 lacerto

116 1221 220 1264 Frnrinus
229 1233 276 1264 aeta
285 1222 356 1264 femur
364 1239 369 1264 :
376 1223 478 1279 jaculum
487 1224 558 1267 Clanis
567 1238 604 1266 ore
613 1227 740 1269 momordit.

116 1295 198 1337 Occidit
207 1305 228 1337 et
236 1295 327 1337 Celadon
338 1297 470 1339 Mendesius:
481 1296 559 1340 occidit
566 1299 661 1350 Astreus,

115 1370 182 1411 Matre
192 1368 310 1416 Palestioa,
320 1369 388 1410 dubio
396 1369 492 1424 genitore
501 1379 591 1412 oreatus.

116 1442 242 1497 AEtlionque
251 1455 314 1496 sagax
323 1442 433 1497 quondam
443 1453 533 1484 venturu
542 1443 623 1494 videre,

116 1517 179 1557 Nunc
189 1528 226 1555 ave
236 1514 336 1569 deceptus
346 1514 409 1564 falsa;
420 1514 516 1569 regisque
524 1515 628 1557 Thoactes

113 1586 219 1641 Armiger,
230 1595 251 1628 et
260 1600 313 1628 creso
322 1587 416 1641 genitore
426 1586 513 1629 infamis
521 1591 615 1643 Agyrtes.

143 1659 192 1701 Plus
201 1668 272 1700 tamen
279 1659 382 1702 exhausto
389 1670 491 1715 superest
497 1660 698 1716 namqneomnibus
704 1676 776 1706 unum

115 1732 239 1790 Opprimere
248 1742 279 1774 est
288 1733 379 1774 animus.
390 1732 508 1788 Conjurata
517 1734 611 1789 undique
620 1746 719 1790 pugnant

114 1806 205 1862 Agmina
213 1819 252 1860 pro
262 1819 336 1851 causa,
347 1806 449 1848 meritum
459 1806 599 1862 impugnante
609 1806 726 1863 iidemque.

115 1882 158 1924 ttae
166 1893 205 1936 pro
214 1889 275 1934 parte
283 1893 344 1921 socer
352 1879 432 1923 trustra
441 1881 500 1936 pius,
510 1890 531 1922 et
540 1893 595 1922 nova
604 1879 695 1936 conjux,

112 1955 168 1996 Cum
178 1951 288 2006 genitrice,
299 1951 380 2002 farent3
391 1951 518 2007 ululatuque
527 1952 581 1994 atria
589 1952 706 2007 complent.

114 2024 153 2068 Sed
162 2037 228 2065 sonus
237 2036 348 2065 armorum
358 2032 455 2078 superat,
465 2024 599 2079 gemitusque
609 2024 741 2068 cadentum:

115 2096 250 2151 Pollutosque
259 2096 324 2138 semel
334 2095 404 2138 multo
413 2096 498 2138 Bellona
507 2099 593 2139 Penates

113 2167 220 2223 Sanguine
229 2166 348 2222 perfundit3
359 2177 502 2224 renovataque
511 2167 582 2224 praelia
592 2167 674 2225 minuet.
