1667 2592
101 172 144 214 236
254 172 585 216 Murtnonruosnon
673 177 744 228 mo.

99 260 126 302 Et
135 273 174 301 cur
183 257 227 302 ulia
236 259 293 303 foret
302 275 337 303 me
347 260 436 304 fortior?
444 261 476 303 ire
485 275 523 318 per
532 261 603 317 ignes,

98 333 138 374 Per
146 331 227 388 gladios
237 334 314 376 ausim.
326 336 399 390 Neque
408 334 433 376 in
442 334 483 376 hoe
493 344 567 376 tamen
576 333 663 390 ignibus
673 334 738 387 ullis,
803 348 805 355 *

99 407 143 449 tut
151 406 226 462 gladiis
236 421 290 463 opus
299 417 343 450 est:
354 421 409 464 opus
418 418 451 451 est
459 408 513 449 mihi
523 409 582 450 crine
591 418 692 464 paterno.

99 478 137 522 Ille
147 481 201 523 mihi
211 491 243 525 est
252 495 305 524 auro
315 481 441 538 pretiosior:
451 482 487 524 iiia
497 483 584 526 beatam

100 556 199 612 Purpura
208 569 255 609 me,
265 556 352 612 votique
361 557 405 599 mei
415 556 500 600 factura
509 567 628 612 potentem.
635 574 648 596 e

130 703 156 744 ΙΙ.
168 704 235 747 Tetra
245 703 335 756 dicenti,
345 718 448 748 curarum
458 704 555 748 maxima
563 704 639 748 nutnr

99 778 149 820 Nox
158 777 283 830 intervenit3
293 779 429 835 tenebrisque
438 778 530 822 audacia
539 778 612 822 erevit.

99 850 171 894 Prima
180 851 240 907 quiea
249 853 334 904 aderat,
344 867 388 911 qua
397 852 455 896 euris
464 851 519 896 fessa
528 852 612 895 diurnis

96 910 188 971 hectora
197 941 287 970 somnus
297 928 369 971 habet.
378 927 495 972 Thalamos
506 928 614 971 taciturna
624 937 730 984 paternos

99 1002 180 1052 Intrat5
190 1010 212 1043 et
221 1000 278 1057 (heu
287 1000 397 1058 fucinus!)
407 1000 468 1044 fatali
479 1010 531 1044 nata
540 1011 653 1058 parentem

99 1076 163 1119 Crine
171 1090 236 1118 suum
246 1075 336 1133 spoliat:
346 1077 461 1133 predaque
471 1078 540 1134 potita
548 1076 644 1120 nefanda

100 1153 149 1194 Fert
157 1163 231 1192 recum
241 1149 336 1205 spolium
345 1150 441 1201 seeleris;
451 1165 605 1209 progressaque
614 1161 681 1208 porta

99 1226 140 1266 Per
149 1223 231 1266 medios
240 1224 313 1268 hostes
322 1224 419 1282 (meritis
429 1224 508 1268 fiducia
519 1233 580 1269 tenta
588 1224 647 1281 est),

99 1298 197 1342 Pervenit
205 1300 233 1341 ad
242 1312 325 1355 regem;
335 1313 402 1356 quem
411 1299 442 1342 sie
451 1298 524 1343 adfata
533 1307 649 1356 paventem
659 1312 665 1338 ε

101 1389 113 1413 i«
119 1373 191 1416 Suasit
199 1387 263 1416 amor
271 1372 363 1417 facinus.
372 1372 443 1416 Proice
452 1387 492 1429 ego
501 1372 559 1429 regia
568 1372 616 1414 Nisi

100 1445 181 1504 Scylla,
190 1446 230 1491 tibi
240 1448 302 1491 trado
312 1448 436 1505 patriosque
444 1461 547 1503 meosque
556 1449 653 1490 Penates.

99 1521 190 1563 Premia
198 1520 259 1563 nulla
268 1531 330 1577 peto,
339 1521 380 1564 nisi
389 1531 416 1565 te.
426 1523 482 1577 Cape
490 1520 569 1576 pignus
577 1519 660 1562 amoris

100 1595 238 1649 Purpureum
247 1594 343 1636 crinem:
353 1608 392 1637 nee
402 1608 438 1637 me
447 1607 507 1636 nunc
517 1593 600 1636 tradere
609 1591 707 1643 crinem,

100 1667 142 1710 Sed
151 1666 248 1723 patrium
258 1666 297 1709 tibi
307 1668 369 1710 crede
378 1677 450 1723 caput.
457 1684 469 1706 »ι
479 1667 627 1722 Scelerataque
636 1667 714 1710 dextra

101 1744 192 1786 Munera
201 1741 301 1798 porrexit
312 1742 382 1785 Minos
391 1752 488 1798 porrecta
498 1741 588 1798 refugit3

101 1817 255 1872 Turbemsque
263 1817 314 1858 novi
323 1816 434 1874 respondit
442 1816 537 1872 imagine
546 1814 611 1858 facti:

104 1910 115 1932 «ι
122 1894 148 1935 ut
157 1900 178 1935 te
187 1892 341 1943 submoveant,
351 1904 365 1933 o
374 1891 443 1933 nostri
454 1890 545 1933 infamia
554 1889 615 1940 secli,

103 1967 159 2009 Orbe
168 1979 220 2018 suo,
231 1963 336 2020 tellusque
345 1964 384 2007 tibi
394 1973 517 2021 pontusque
525 1971 638 2019 negentur.

104 2043 165 2085 Certe
174 2054 214 2096 ego
223 2053 267 2082 non
276 2039 346 2095 patiar
354 2039 411 2082 iovis
420 2037 554 2081 incunabula
562 2040 652 2088 Creten,

104 2117 156 2173 Quae
166 2128 228 2157 meus
237 2123 268 2157 est
278 2113 347 2167 orbis,
357 2123 444 2157 tantum
454 2112 578 2170 contingere
587 2121 742 2156 monstrum.»
