1667 2592
54 215 127 257 cm.
290 202 391 243 arran
407 203 456 243 ιιι.
661 200 688 241 aa

52 292 220 347 Ichnobatesque
229 304 296 347 sagax
305 290 386 333 latratu
395 291 455 346 signa
464 291 552 340 dedere;

52 365 137 410 Gnosius
147 365 291 413 Ichnobates,
301 365 405 421 Spartana
414 374 476 420 geute
486 363 612 420 Melampus.

52 439 98 480 hdc
108 448 177 481 ruunt
187 437 225 480 alii
235 437 311 493 rapida
321 437 414 479 velocius
423 450 488 487 aura,

52 513 196 569 Pamphagus,
205 521 229 555 et
238 514 343 562 Dorceus,
353 521 375 554 et
383 512 495 561 Oribasos,
505 512 595 554 Arcades
604 523 690 562 omnes;

52 586 253 641 Nebrophonusque
263 584 346 636 valens,
355 593 376 627 et
386 594 435 627 trux
444 599 496 627 cum
505 584 585 641 Laelape
594 586 690 635 Theron,

52 659 74 700 Lt
81 659 174 714 pedibus
183 657 288 708 Pterelas,
298 667 320 699 et
329 657 417 699 naribus
427 658 485 700 utilis
493 661 558 713 Agre,

52 731 175 788 llglzusqne
185 729 233 772 iero
242 743 313 785 nuper
320 742 433 785 percussus
442 731 470 772 ab
480 743 544 785 apro,

16 828 17 847 t
52 806 118 860 Deque
127 805 182 861 lupo
192 813 298 860 concepta
307 805 377 859 Nape,
387 805 523 860 pecudesque
531 812 604 845 secuta

52 879 163 929 Pumenis,
174 887 196 920 et
206 877 263 920 naus
272 877 375 919 comitata
385 878 476 934 llarppia
485 878 582 926 duobus,

52 953 74 994 Et
81 952 200 995 substricta
210 964 287 1008 gerens
295 950 405 1007 Sicyonius
413 951 451 993 ilia
460 952 543 1003 Ladon,

51 1027 74 1068 Er
82 1028 185 1077 monim,
194 1035 217 1068 et
226 1027 319 1076 Canace,
329 1025 446 1081 Sticteque,
456 1035 477 1068 et
485 1026 564 1082 Tigris,
574 1036 596 1068 ct
604 1024 663 1077 Alce,

51 1102 73 1144 Et
81 1101 149 1144 niveis
158 1103 257 1151 Leucon,
267 1109 289 1143 et
297 1099 352 1142 villis
361 1100 451 1143 Asbolus
460 1101 522 1152 atris,
594 1126 604 1139 .

51 1175 221 1230 Prasalidusque
229 1176 312 1223 Lacon,
321 1184 343 1216 et
351 1187 416 1216 cursu
425 1172 487 1216 fortis
495 1174 565 1223 Aello,

50 1248 74 1289 Et
81 1248 168 1297 Thous,
177 1255 198 1289 et
207 1245 285 1303 Cyprio
295 1245 354 1288 velox
364 1259 415 1288 cum
425 1246 491 1288 fratre
500 1246 594 1304 Lycisce,

50 1320 72 1361 Et
80 1320 167 1375 nigram
177 1317 250 1360 medio
260 1317 355 1360 frontem
364 1318 478 1361 distinctus
487 1319 515 1360 ab
525 1318 575 1360 albo

50 1392 161 1449 Harpalos,
171 1401 193 1434 et
202 1391 322 1442 Melaneus,
331 1391 456 1447 hirsutaque
465 1405 555 1447 corpore
563 1391 657 1443 Lachne;

48 1468 72 1509 u
79 1475 142 1522 putre
152 1465 242 1517 Dictaeo,
251 1465 289 1507 sed
298 1475 367 1507 matrs
376 1465 481 1508 Laconide
491 1464 547 1515 nati,

48 1540 127 1581 Labros
136 1548 160 1581 et
168 1538 282 1594 Agriodus,
292 1546 314 1580 et
322 1547 390 1580 acutas
399 1537 456 1579 vocis
465 1537 576 1595 Hylactor:

48 1614 148 1670 Quasque
158 1610 238 1653 reisue
248 1624 310 1654 mora
319 1621 357 1654 est.
366 1613 396 1654 La
405 1613 469 1655 turba
478 1612 579 1668 cupidine
587 1613 663 1669 prada

46 1687 84 1727 Per
93 1697 171 1740 rupes,
179 1683 333 1739 scopulosque,
343 1684 447 1739 adituque
456 1685 549 1728 carentia
559 1700 619 1738 saxa,

46 1761 93 1815 Qua
102 1759 138 1801 via
147 1757 252 1809 difficilis,
262 1772 349 1814 quaque
357 1768 389 1802 est
398 1759 432 1801 via
441 1758 512 1810 nulla,
522 1759 628 1804 feruntur.

47 1831 83 1874 lile
93 1831 164 1887 fugit,
173 1845 212 1888 per
219 1846 266 1887 qua
276 1830 348 1875 fuerat
357 1832 403 1875 loca
412 1846 467 1888 sape
475 1845 568 1878 secutus.

46 1905 102 1945 lleu!
114 1903 209 1946 famulos
219 1904 275 1959 fugit
283 1903 328 1960 ipse
336 1906 398 1946 suos!
409 1905 502 1948 clamare
511 1907 605 1950 libebat:

47 1993 58 2015 ι
66 1981 151 2020 Actaeon
161 1990 200 2033 ego
209 1979 270 2019 sum!
280 1977 396 2019 domiuum
404 1980 526 2034 cognoscite
535 1989 635 2023 vestrum·
643 1997 655 2018 n

47 2049 119 2091 Verba
127 2050 202 2092 animo
211 2051 302 2093 desunt:
313 2060 398 2094 resomt
404 2052 517 2096 latratibus
526 2054 598 2096 aether.

46 2123 118 2166 Prima
126 2124 274 2168 Melanchaetes
282 2124 304 2167 iu
315 2135 374 2182 tergo
383 2127 471 2170 vulnera
481 2126 541 2177 ἱερῆες

48 2195 146 2238 Proxima
154 2195 304 2251 Tbsridamss3
313 2198 461 2254 Oresitrophos
470 2198 561 2241 hesitio
569 2210 638 2240 armo.
