1667 2592
110 201 138 242 68
260 196 589 239 METAMORPHOSEON
661 195 750 248 v.763.

107 288 192 339 Tristis,
202 299 224 330 et
232 287 303 343 iqnsvi
312 286 436 343 plenissima
445 284 541 341 frigoris3
549 294 571 327 et
579 297 629 339 qua

107 364 159 418 Igne
168 371 227 404 vacet
235 374 330 416 semper,
341 359 431 415 caligine
441 371 525 413 semper
534 358 637 400 abundet.

109 435 154 477 lluc
164 434 200 475 ubi
210 433 306 489 pervenit
317 431 367 474 belli
377 432 494 474 metuende
503 430 587 486 virago,

106 506 206 551 Constitit
214 518 264 550 snte
272 508 364 549 domum
374 505 524 562 (nequeenim
534 503 648 546 succedere
658 503 722 545 tectis

106 583 145 624 Fas
155 579 245 636 babet),
255 590 276 623 et
284 589 355 636 pestes
365 588 461 622 extrema
470 578 557 634 cuspide
565 576 645 633 pulsat

106 655 217 695 Concussae
226 662 315 709 patuere
324 652 387 694 fores.
398 652 461 694 Videt
470 651 529 694 intus
537 651 637 693 edentem

107 724 209 781 Vipereas
218 739 302 776 carnes,
312 725 415 768 vitiorum
425 723 529 766 elimenta
538 737 642 775 suorum,

107 798 225 842 Invidiam:
235 799 322 854 visaque
331 797 405 840 oculos
414 797 500 849 averem
510 796 579 839 atille

108 870 179 926 Surgit
188 870 256 912 humo
265 870 336 926 pigra,
345 882 521 924 semesarumque
531 868 635 923 relinquit

107 946 201 1000 Corpora
210 947 346 999 serpentum,
356 957 462 999 passuque
472 944 550 986 incedit
559 944 630 986 inerti.

107 1019 177 1072 thue
185 1017 250 1059 Deam
257 1016 320 1067 vidit,
330 1015 445 1072 formaque
454 1017 563 1072 armisque
571 1017 687 1068 decoram.

106 1088 225 1144 ingemuit,
235 1087 362 1144 vultumque
371 1088 416 1129 ima
426 1089 454 1131 ad
465 1089 556 1144 suspiria
565 1088 633 1131 duxit.

106 1162 176 1205 Pallor
185 1161 208 1202 in
217 1175 254 1203 ore
263 1162 332 1213 sedet;
342 1150 422 1204 mames
431 1162 453 1203 in
463 1175 552 1218 corpore
561 1171 620 1204 toto:

108 1239 221 1292 Nusquam
231 1245 289 1279 rectu
297 1236 352 1278 acies
361 1252 365 1277 :
375 1236 442 1278 livent
450 1237 549 1292 rubigine
558 1237 646 1279 dentes:

105 1312 193 1352 Pectora
203 1308 250 1350 felle
260 1309 341 1351 virent:
350 1307 425 1364 linqua
434 1319 465 1351 est
473 1308 560 1351 suffusa
569 1322 659 1352 veneno.

105 1384 167 1426 Risus
176 1383 246 1433 chesn
255 1382 296 1424 nisi
306 1395 371 1438 quem
380 1381 419 1424 visi
430 1395 515 1424 movere
524 1381 615 1424 doleres.

106 1460 151 1501 Nec
161 1458 241 1500 fruitur
250 1471 339 1507 sumno,
348 1456 473 1513 vigilacibus
482 1457 550 1500 excitu
558 1457 616 1499 curis
625 1473 630 1498 :

108 1532 148 1574 Scrl
158 1531 214 1572 videt
222 1531 328 1585 ingratos,
337 1530 492 1585 intabescitque
502 1530 604 1581 videndo,

106 1608 218 1648 Successus
229 1604 356 1657 bominum
367 1605 479 1661 carpitque
488 1615 509 1648 et
519 1604 683 1661 cupitarum,

104 1677 281 1734 Suppliciumque
292 1691 358 1720 suum
367 1688 405 1720 est.
415 1678 517 1734 Quamvis
527 1690 600 1721 temen
610 1679 690 1724 oderat
697 1680 775 1724 illum»

105 1750 193 1795 Talibus
202 1748 275 1792 adfata
284 1761 316 1793 est
324 1751 416 1793 breviter
425 1750 524 1793 Tritonia
532 1750 608 1793 dictis:

67 1826 71 1835 '
107 1843 118 1865 ιι
125 1824 190 1868 lnlicc
200 1825 248 1866 tabe
258 1833 295 1867 tus
304 1835 404 1869 natarum
414 1825 513 1881 Cecropis
522 1839 603 1868 unam:

105 1901 139 1944 Sic
149 1912 203 1955 opus
213 1908 250 1941 est.
260 1898 362 1954 Aglauros
371 1913 396 1941 ea
405 1911 443 1942 est.
451 1917 462 1939 s
473 1901 533 1942 llaud
543 1899 702 1957 plumbeum,

105 1973 179 2028 Fugit,
189 1980 210 2013 et
219 1972 322 2026 impressa
330 1968 431 2013 'tellurem
441 1971 534 2027 reppulit
542 1972 610 2015 hasta.

104 2047 143 2089 Illa
152 2046 217 2088 neam
227 2044 315 2099 obliquo
325 2043 443 2099 fugientem
453 2045 536 2087 lumine
544 2058 645 2096 cernens,

105 2122 218 2164 Murmura
227 2132 293 2175 parve
301 2118 370 2167 dedic
379 2131 571 2174 successurumque
582 2119 683 2163 Minerva

105 2192 211 2238 Indoluit:
222 2191 368 2246 baculumque
377 2191 445 2247 cepit,
457 2193 515 2247 quud
525 2191 598 2249 spinea
607 2201 681 2237 totum
