<?xml version="1.0" encoding="UTF-8"?>
<!DOCTYPE html PUBLIC "-//W3C//DTD XHTML 1.0 Transitional//EN"
    "http://www.w3.org/TR/xhtml1/DTD/xhtml1-transitional.dtd">
<html xmlns="http://www.w3.org/1999/xhtml" xml:lang="en" lang="en">
 <head>
  <title>
</title>
<meta http-equiv="Content-Type" content="text/html;charset=utf-8" />
  <meta name='ocr-system' content='tesseract 3.04.00' />
  <meta name='ocr-capabilities' content='ocr_page ocr_carea ocr_par ocr_line ocrx_word'/>
</head>
<body>
  <div class='ocr_page' id='page_1' title='image "./opera00accugoog/opera00accugoog_0065.png"; bbox 0 0 1667 2592; ppageno 0'>
   <div class='ocr_carea' id='block_1_1' title="bbox 19 197 675 253">
    <p class='ocr_par' dir='ltr' id='par_1_1' title="bbox 19 197 675 253">
     <span class='ocr_line' id='line_1_1' title="bbox 19 197 675 253; baseline -0.006 -10"><span class='ocrx_word' id='word_1_1' title='bbox 19 208 22 243; x_wconf 78' lang='lat' dir='ltr'>i</span> <span class='ocrx_word' id='word_1_2' title='bbox 51 203 119 253; x_wconf 67' lang='grc' dir='ltr'>ιδῃ.</span> <span class='ocrx_word' id='word_1_3' title='bbox 285 197 386 238; x_wconf 75' lang='lat' dir='ltr'><strong>LIBER</strong></span> <span class='ocrx_word' id='word_1_4' title='bbox 403 197 436 238; x_wconf 86' lang='grc' dir='ltr'>ΙΙ.</span> <span class='ocrx_word' id='word_1_5' title='bbox 650 200 675 241; x_wconf 78' lang='lat'>61</span> 
     </span>
    </p>
   </div>
   <div class='ocr_carea' id='block_1_2' title="bbox 49 285 619 491">
    <p class='ocr_par' dir='ltr' id='par_1_2' title="bbox 49 285 619 491">
     <span class='ocr_line' id='line_1_2' title="bbox 51 285 563 342; baseline -0.004 -12"><span class='ocrx_word' id='word_1_6' title='bbox 51 289 108 339; x_wconf 79' lang='lat' dir='ltr'>Litus,</span> <span class='ocrx_word' id='word_1_7' title='bbox 117 300 139 331; x_wconf 90' lang='lat' dir='ltr'>et</span> <span class='ocrx_word' id='word_1_8' title='bbox 147 288 172 331; x_wconf 88' lang='lat' dir='ltr'>in</span> <span class='ocrx_word' id='word_1_9' title='bbox 182 286 245 330; x_wconf 90' lang='lat' dir='ltr'>molli</span> <span class='ocrx_word' id='word_1_10' title='bbox 255 286 404 342; x_wconf 75' lang='lat' dir='ltr'><strong>nequidquam</strong></span> <span class='ocrx_word' id='word_1_11' title='bbox 415 285 483 328; x_wconf 85' lang='lat' dir='ltr'>lassor</span> <span class='ocrx_word' id='word_1_12' title='bbox 492 299 563 329; x_wconf 78' lang='lat' dir='ltr'>arena</span> 
     </span>
     <span class='ocr_line' id='line_1_3' title="bbox 49 359 619 416; baseline -0.005 -10"><span class='ocrx_word' id='word_1_13' title='bbox 49 364 91 405; x_wconf 85' lang='lat' dir='ltr'>lnde</span> <span class='ocrx_word' id='word_1_14' title='bbox 99 366 161 414; x_wconf 78' lang='lat' dir='ltr'>Deos,</span> <span class='ocrx_word' id='word_1_15' title='bbox 171 362 317 416; x_wconf 85' lang='lat' dir='ltr'>hominesque</span> <span class='ocrx_word' id='word_1_16' title='bbox 327 373 392 402; x_wconf 85' lang='lat' dir='ltr'>voco:</span> <span class='ocrx_word' id='word_1_17' title='bbox 402 374 442 403; x_wconf 91' lang='lat' dir='ltr'>nec</span> <span class='ocrx_word' id='word_1_18' title='bbox 450 360 540 416; x_wconf 75' lang='lat' dir='ltr'>contigit</span> <span class='ocrx_word' id='word_1_19' title='bbox 549 359 619 404; x_wconf 86' lang='lat' dir='ltr'>ullum</span> 
     </span>
     <span class='ocr_line' id='line_1_4' title="bbox 49 434 607 491; baseline -0.002 -14"><span class='ocrx_word' id='word_1_20' title='bbox 49 437 87 479; x_wconf 84' lang='lat' dir='ltr'>Vor</span> <span class='ocrx_word' id='word_1_21' title='bbox 95 451 142 479; x_wconf 81' lang='lat' dir='ltr'>mea</span> <span class='ocrx_word' id='word_1_22' title='bbox 151 434 278 478; x_wconf 79' lang='lat' dir='ltr'><strong>mortalem.</strong></span> <span class='ocrx_word' id='word_1_23' title='bbox 288 437 347 476; x_wconf 83' lang='lat' dir='ltr'>Mota</span> <span class='ocrx_word' id='word_1_24' title='bbox 356 444 389 476; x_wconf 89' lang='lat' dir='ltr'>est</span> <span class='ocrx_word' id='word_1_25' title='bbox 396 449 437 490; x_wconf 92' lang='lat' dir='ltr'>pro</span> <span class='ocrx_word' id='word_1_26' title='bbox 446 435 527 490; x_wconf 77' lang='lat' dir='ltr'>virgine</span> <span class='ocrx_word' id='word_1_27' title='bbox 536 434 607 491; x_wconf 70' lang='lat' dir='ltr'>virgei,</span> 
     </span>
    </p>
   </div>
   <div class='ocr_carea' id='block_1_3' title="bbox 45 508 580 784">
    <p class='ocr_par' dir='ltr' id='par_1_3' title="bbox 45 508 580 784">
     <span class='ocr_line' id='line_1_5' title="bbox 48 508 563 567; baseline -0.004 -14"><span class='ocrx_word' id='word_1_28' title='bbox 48 510 191 567; x_wconf 73' lang='lat' dir='ltr'>iamiamque</span> <span class='ocrx_word' id='word_1_29' title='bbox 201 508 258 554; x_wconf 85' lang='lat' dir='ltr'>tulit.</span> <span class='ocrx_word' id='word_1_30' title='bbox 268 509 392 551; x_wconf 77' lang='lat' dir='ltr'><strong>Tendebam</strong></span> <span class='ocrx_word' id='word_1_31' title='bbox 402 509 490 551; x_wconf 85' lang='lat' dir='ltr'>brachia</span> <span class='ocrx_word' id='word_1_32' title='bbox 499 509 563 562; x_wconf 80' lang='lat' dir='ltr'>coeio3</span> 
     </span>
     <span class='ocr_line' id='line_1_6' title="bbox 47 580 559 639; baseline -0.004 -14"><span class='ocrx_word' id='word_1_33' title='bbox 47 584 126 626; x_wconf 78' lang='lat' dir='ltr'>brachia</span> <span class='ocrx_word' id='word_1_34' title='bbox 134 591 248 639; x_wconf 81' lang='lat' dir='ltr'>coeperunt</span> <span class='ocrx_word' id='word_1_35' title='bbox 257 580 340 624; x_wconf 86' lang='lat' dir='ltr'>levibus</span> <span class='ocrx_word' id='word_1_36' title='bbox 350 581 467 637; x_wconf 73' lang='lat' dir='ltr'>nigrescere</span> <span class='ocrx_word' id='word_1_37' title='bbox 476 582 559 637; x_wconf 89' lang='lat' dir='ltr'>pennis.</span> 
     </span>
     <span class='ocr_line' id='line_1_7' title="bbox 47 654 553 711; baseline -0.006 -11"><span class='ocrx_word' id='word_1_38' title='bbox 47 655 130 711; x_wconf 75' lang='lat' dir='ltr'>rejiceoe</span> <span class='ocrx_word' id='word_1_39' title='bbox 138 670 164 699; x_wconf 82' lang='lat' dir='ltr'>er</span> <span class='ocrx_word' id='word_1_40' title='bbox 174 654 274 698; x_wconf 82' lang='lat' dir='ltr'>humeris</span> <span class='ocrx_word' id='word_1_41' title='bbox 282 663 363 697; x_wconf 81' lang='lat' dir='ltr'>vestem</span> <span class='ocrx_word' id='word_1_42' title='bbox 372 654 476 706; x_wconf 86' lang='lat' dir='ltr'>molibar;</span> <span class='ocrx_word' id='word_1_43' title='bbox 486 665 508 697; x_wconf 88' lang='lat' dir='ltr'>at</span> <span class='ocrx_word' id='word_1_44' title='bbox 516 654 553 697; x_wconf 85' lang='lat' dir='ltr'>ilia</span> 
     </span>
     <span class='ocr_line' id='line_1_8' title="bbox 45 727 580 784; baseline -0.002 -14"><span class='ocrx_word' id='word_1_45' title='bbox 45 728 112 772; x_wconf 78' lang='lat' dir='ltr'>Pluma</span> <span class='ocrx_word' id='word_1_46' title='bbox 120 739 178 779; x_wconf 86' lang='lat' dir='ltr'>erat,</span> <span class='ocrx_word' id='word_1_47' title='bbox 188 728 256 784; x_wconf 86' lang='lat' dir='ltr'>inque</span> <span class='ocrx_word' id='word_1_48' title='bbox 265 737 337 770; x_wconf 83' lang='lat' dir='ltr'>cutem</span> <span class='ocrx_word' id='word_1_49' title='bbox 347 728 428 770; x_wconf 82' lang='lat' dir='ltr'>radices</span> <span class='ocrx_word' id='word_1_50' title='bbox 438 737 510 784; x_wconf 69' lang='lat' dir='ltr'>egerat</span> <span class='ocrx_word' id='word_1_51' title='bbox 518 727 580 770; x_wconf 87' lang='lat' dir='ltr'>imas.</span> 
     </span>
    </p>
   </div>
   <div class='ocr_carea' id='block_1_4' title="bbox 45 801 573 859">
    <p class='ocr_par' dir='ltr' id='par_1_4' title="bbox 45 801 573 859">
     <span class='ocr_line' id='line_1_9' title="bbox 45 801 573 859; baseline -0.009 -13"><span class='ocrx_word' id='word_1_52' title='bbox 45 801 136 859; x_wconf 70' lang='lat' dir='ltr'>Pinnpere</span> <span class='ocrx_word' id='word_1_53' title='bbox 145 802 207 845; x_wconf 84' lang='lat' dir='ltr'>nuda</span> <span class='ocrx_word' id='word_1_54' title='bbox 217 801 271 843; x_wconf 88' lang='lat' dir='ltr'>meis</span> <span class='ocrx_word' id='word_1_55' title='bbox 280 801 376 843; x_wconf 86' lang='lat' dir='ltr'>conabar</span> <span class='ocrx_word' id='word_1_56' title='bbox 384 812 474 857; x_wconf 76' lang='lat' dir='ltr'>pectora</span> <span class='ocrx_word' id='word_1_57' title='bbox 483 801 573 857; x_wconf 83' lang='lat' dir='ltr'>palmis:</span> 
     </span>
    </p>
   </div>
   <div class='ocr_carea' id='block_1_5' title="bbox 37 873 668 2256">
    <p class='ocr_par' dir='ltr' id='par_1_5' title="bbox 41 873 646 1664">
     <span class='ocr_line' id='line_1_10' title="bbox 45 873 646 932; baseline -0.002 -14"><span class='ocrx_word' id='word_1_58' title='bbox 45 876 78 917; x_wconf 79' lang='lat' dir='ltr'>Sed</span> <span class='ocrx_word' id='word_1_59' title='bbox 86 890 155 932; x_wconf 81' lang='lat' dir='ltr'>neque</span> <span class='ocrx_word' id='word_1_60' title='bbox 162 874 213 932; x_wconf 87' lang='lat' dir='ltr'>jam</span> <span class='ocrx_word' id='word_1_61' title='bbox 222 873 317 930; x_wconf 79' lang='lat' dir='ltr'>palmas,</span> <span class='ocrx_word' id='word_1_62' title='bbox 326 887 365 916; x_wconf 87' lang='lat' dir='ltr'>nec</span> <span class='ocrx_word' id='word_1_63' title='bbox 374 885 462 930; x_wconf 80' lang='lat' dir='ltr'>pectora</span> <span class='ocrx_word' id='word_1_64' title='bbox 470 875 529 916; x_wconf 91' lang='lat' dir='ltr'>nuda</span> <span class='ocrx_word' id='word_1_65' title='bbox 539 875 646 930; x_wconf 76' lang='lat' dir='ltr'>gerebam.</span> 
     </span>
     <span class='ocr_line' id='line_1_11' title="bbox 43 950 606 1005; baseline 0.004 -14"><span class='ocrx_word' id='word_1_66' title='bbox 43 951 153 993; x_wconf 78' lang='lat' dir='ltr'>Currebam</span> <span class='ocrx_word' id='word_1_67' title='bbox 163 967 168 992; x_wconf 93' lang='lat'>:</span> <span class='ocrx_word' id='word_1_68' title='bbox 179 963 231 999; x_wconf 88' lang='lat' dir='ltr'>nec,</span> <span class='ocrx_word' id='word_1_69' title='bbox 240 958 266 992; x_wconf 88' lang='lat' dir='ltr'>nt</span> <span class='ocrx_word' id='word_1_70' title='bbox 274 958 336 998; x_wconf 80' lang='lat' dir='ltr'>ante,</span> <span class='ocrx_word' id='word_1_71' title='bbox 345 951 408 1005; x_wconf 88' lang='lat' dir='ltr'>pedes</span> <span class='ocrx_word' id='word_1_72' title='bbox 418 950 523 992; x_wconf 87' lang='lat' dir='ltr'>retinebat</span> <span class='ocrx_word' id='word_1_73' title='bbox 531 964 606 1002; x_wconf 86' lang='lat' dir='ltr'>arena;</span> 
     </span>
     <span class='ocr_line' id='line_1_12' title="bbox 44 1021 604 1079; baseline -0.002 -12"><span class='ocrx_word' id='word_1_74' title='bbox 44 1024 77 1066; x_wconf 78' lang='lat' dir='ltr'>Sed</span> <span class='ocrx_word' id='word_1_75' title='bbox 85 1038 175 1066; x_wconf 82' lang='lat' dir='ltr'>somma</span> <span class='ocrx_word' id='word_1_76' title='bbox 185 1021 277 1065; x_wconf 81' lang='lat' dir='ltr'>tollebar</span> <span class='ocrx_word' id='word_1_77' title='bbox 286 1022 367 1064; x_wconf 85' lang='lat' dir='ltr'>humo:</span> <span class='ocrx_word' id='word_1_78' title='bbox 379 1037 430 1065; x_wconf 85' lang='lat' dir='ltr'>mox</span> <span class='ocrx_word' id='word_1_79' title='bbox 439 1034 486 1066; x_wconf 82' lang='lat' dir='ltr'>acta</span> <span class='ocrx_word' id='word_1_80' title='bbox 494 1038 533 1079; x_wconf 88' lang='lat' dir='ltr'>per</span> <span class='ocrx_word' id='word_1_81' title='bbox 541 1037 604 1067; x_wconf 85' lang='lat' dir='ltr'>auras</span> 
     </span>
     <span class='ocr_line' id='line_1_13' title="bbox 43 1096 592 1153; baseline 0 -14"><span class='ocrx_word' id='word_1_82' title='bbox 43 1098 124 1149; x_wconf 70' lang='lat' dir='ltr'>irritor,</span> <span class='ocrx_word' id='word_1_83' title='bbox 133 1107 157 1141; x_wconf 91' lang='lat' dir='ltr'>et</span> <span class='ocrx_word' id='word_1_84' title='bbox 165 1097 217 1139; x_wconf 87' lang='lat' dir='ltr'>data</span> <span class='ocrx_word' id='word_1_85' title='bbox 226 1110 277 1138; x_wconf 86' lang='lat' dir='ltr'>sunt</span> <span class='ocrx_word' id='word_1_86' title='bbox 287 1109 359 1139; x_wconf 88' lang='lat' dir='ltr'>comes</span> <span class='ocrx_word' id='word_1_87' title='bbox 368 1096 477 1153; x_wconf 82' lang='lat' dir='ltr'>inculpata</span> <span class='ocrx_word' id='word_1_88' title='bbox 487 1097 592 1140; x_wconf 79' lang='lat' dir='ltr'>biinervae.</span> 
     </span>
     <span class='ocr_line' id='line_1_14' title="bbox 43 1168 585 1236; baseline -0.002 -22"><span class='ocrx_word' id='word_1_89' title='bbox 43 1171 91 1227; x_wconf 70' lang='lat' dir='ltr'>Quid</span> <span class='ocrx_word' id='word_1_90' title='bbox 101 1181 177 1214; x_wconf 82' lang='lat' dir='ltr'>tamen</span> <span class='ocrx_word' id='word_1_91' title='bbox 186 1170 228 1212; x_wconf 86' lang='lat' dir='ltr'>boc</span> <span class='ocrx_word' id='word_1_92' title='bbox 237 1169 335 1225; x_wconf 81' lang='lat' dir='ltr'>prodest,</span> <span class='ocrx_word' id='word_1_93' title='bbox 344 1168 362 1211; x_wconf 89' lang='lat' dir='ltr'>si</span> <span class='ocrx_word' id='word_1_94' title='bbox 370 1169 418 1212; x_wconf 89' lang='lat' dir='ltr'>diro</span> <span class='ocrx_word' id='word_1_95' title='bbox 428 1169 484 1236; x_wconf 67' lang='lat' dir='ltr'>facta</span> <span class='ocrx_word' id='word_1_96' title='bbox 493 1170 585 1213; x_wconf 85' lang='lat' dir='ltr'>volucris</span> 
     </span>
     <span class='ocr_line' id='line_1_15' title="bbox 42 1242 557 1301; baseline -0.004 -14"><span class='ocrx_word' id='word_1_97' title='bbox 42 1244 128 1287; x_wconf 79' lang='lat' dir='ltr'>Crimine</span> <span class='ocrx_word' id='word_1_98' title='bbox 138 1243 269 1301; x_wconf 69' lang='lat' dir='ltr'>Nyctimene</span> <span class='ocrx_word' id='word_1_99' title='bbox 278 1251 351 1284; x_wconf 90' lang='lat' dir='ltr'>nostro</span> <span class='ocrx_word' id='word_1_100' title='bbox 359 1242 460 1285; x_wconf 84' lang='lat' dir='ltr'>successit</span> <span class='ocrx_word' id='word_1_101' title='bbox 468 1243 557 1285; x_wconf 74' lang='lat' dir='ltr'>honori!</span> 
     </span>
     <span class='ocr_line' id='line_1_16' title="bbox 42 1317 570 1375; baseline -0.004 -14"><span class='ocrx_word' id='word_1_102' title='bbox 42 1320 78 1369; x_wconf 73' lang='lat' dir='ltr'>in,</span> <span class='ocrx_word' id='word_1_103' title='bbox 86 1332 134 1375; x_wconf 70' lang='lat' dir='ltr'>quse</span> <span class='ocrx_word' id='word_1_104' title='bbox 144 1331 185 1374; x_wconf 88' lang='lat' dir='ltr'>per</span> <span class='ocrx_word' id='word_1_105' title='bbox 194 1325 263 1360; x_wconf 90' lang='lat' dir='ltr'>totam</span> <span class='ocrx_word' id='word_1_106' title='bbox 273 1330 306 1359; x_wconf 85' lang='lat' dir='ltr'>res</span> <span class='ocrx_word' id='word_1_107' title='bbox 315 1327 346 1359; x_wconf 90' lang='lat' dir='ltr'>est</span> <span class='ocrx_word' id='word_1_108' title='bbox 355 1317 467 1360; x_wconf 84' lang='lat' dir='ltr'>notissima</span> <span class='ocrx_word' id='word_1_109' title='bbox 477 1318 570 1369; x_wconf 82' lang='lat' dir='ltr'>Lesbon,</span> 
     </span>
     <span class='ocr_line' id='line_1_17' title="bbox 42 1388 580 1446; baseline 0.002 -15"><span class='ocrx_word' id='word_1_110' title='bbox 42 1392 84 1434; x_wconf 77' lang='lat' dir='ltr'>Non</span> <span class='ocrx_word' id='word_1_111' title='bbox 93 1392 170 1435; x_wconf 77' lang='lat' dir='ltr'>sonita</span> <span class='ocrx_word' id='word_1_112' title='bbox 179 1389 219 1433; x_wconf 85' lang='lat' dir='ltr'>tibi</span> <span class='ocrx_word' id='word_1_113' title='bbox 228 1394 271 1432; x_wconf 76' lang='lat' dir='ltr'>etti</span> <span class='ocrx_word' id='word_1_114' title='bbox 280 1389 375 1446; x_wconf 86' lang='lat' dir='ltr'>patrium</span> <span class='ocrx_word' id='word_1_115' title='bbox 386 1400 500 1433; x_wconf 82' lang='lat' dir='ltr'>temerasse</span> <span class='ocrx_word' id='word_1_116' title='bbox 509 1388 580 1432; x_wconf 83' lang='lat' dir='ltr'>cubile</span> 
     </span>
     <span class='ocr_line' id='line_1_18' title="bbox 42 1461 619 1524; baseline 0.002 -19"><span class='ocrx_word' id='word_1_117' title='bbox 42 1464 192 1521; x_wconf 65' lang='lat' dir='ltr'>Nyctimenen?</span> <span class='ocrx_word' id='word_1_118' title='bbox 201 1462 246 1524; x_wconf 80' lang='lat' dir='ltr'>uvis</span> <span class='ocrx_word' id='word_1_119' title='bbox 255 1461 292 1505; x_wconf 85' lang='lat' dir='ltr'>iila</span> <span class='ocrx_word' id='word_1_120' title='bbox 301 1462 388 1517; x_wconf 85' lang='lat' dir='ltr'>quidem</span> <span class='ocrx_word' id='word_1_121' title='bbox 397 1479 401 1504; x_wconf 97' lang='lat'><strong>:</strong></span> <span class='ocrx_word' id='word_1_122' title='bbox 411 1465 449 1506; x_wconf 88' lang='lat' dir='ltr'>sed</span> <span class='ocrx_word' id='word_1_123' title='bbox 458 1463 543 1506; x_wconf 86' lang='lat' dir='ltr'>conscia</span> <span class='ocrx_word' id='word_1_124' title='bbox 552 1463 619 1521; x_wconf 78' lang='lat' dir='ltr'>euipae</span> 
     </span>
     <span class='ocr_line' id='line_1_19' title="bbox 42 1534 640 1595; baseline 0.003 -16"><span class='ocrx_word' id='word_1_125' title='bbox 42 1539 180 1595; x_wconf 74' lang='lat' dir='ltr'>tempestum</span> <span class='ocrx_word' id='word_1_126' title='bbox 190 1536 305 1591; x_wconf 88' lang='lat' dir='ltr'>lucemque</span> <span class='ocrx_word' id='word_1_127' title='bbox 314 1534 380 1591; x_wconf 72' lang='lat' dir='ltr'>fugit,</span> <span class='ocrx_word' id='word_1_128' title='bbox 391 1537 526 1592; x_wconf 81' lang='lat' dir='ltr'>tenebrisque</span> <span class='ocrx_word' id='word_1_129' title='bbox 535 1539 640 1593; x_wconf 88' lang='lat' dir='ltr'>pudorem</span> 
     </span>
     <span class='ocr_line' id='line_1_20' title="bbox 41 1608 539 1664; baseline -0.008 -11"><span class='ocrx_word' id='word_1_130' title='bbox 41 1611 103 1663; x_wconf 77' lang='lat' dir='ltr'>Celat3</span> <span class='ocrx_word' id='word_1_131' title='bbox 113 1624 135 1655; x_wconf 89' lang='lat' dir='ltr'>et</span> <span class='ocrx_word' id='word_1_132' title='bbox 143 1626 158 1654; x_wconf 86' lang='lat' dir='ltr'>a</span> <span class='ocrx_word' id='word_1_133' title='bbox 167 1609 252 1652; x_wconf 85' lang='lat' dir='ltr'>eunctis</span> <span class='ocrx_word' id='word_1_134' title='bbox 261 1608 373 1664; x_wconf 76' lang='lat' dir='ltr'>expellitur</span> <span class='ocrx_word' id='word_1_135' title='bbox 381 1610 460 1652; x_wconf 71' lang='lat' dir='ltr'>ethere</span> <span class='ocrx_word' id='word_1_136' title='bbox 470 1620 521 1653; x_wconf 82' lang='lat' dir='ltr'>toto.</span> <span class='ocrx_word' id='word_1_137' title='bbox 528 1628 539 1649; x_wconf 67' lang='lat' dir='ltr'>n</span> 
     </span>
    </p>

    <p class='ocr_par' dir='ltr' id='par_1_6' title="bbox 37 1683 668 2256">
     <span class='ocr_line' id='line_1_21' title="bbox 65 1683 612 1740; baseline -0.002 -10"><span class='ocrx_word' id='word_1_138' title='bbox 65 1686 121 1730; x_wconf 82' lang='lat' dir='ltr'>Talia</span> <span class='ocrx_word' id='word_1_139' title='bbox 129 1684 224 1734; x_wconf 81' lang='lat' dir='ltr'>dicenti,</span> <span class='ocrx_word' id='word_1_140' title='bbox 234 1683 311 1735; x_wconf 69' lang='lat' dir='ltr'>«Tibi,</span> <span class='ocrx_word' id='word_1_141' title='bbox 320 1683 360 1735; x_wconf 80' lang='lat' dir='ltr'>ait,</span> <span class='ocrx_word' id='word_1_142' title='bbox 371 1685 517 1736; x_wconf 78' lang='lat' dir='ltr'>revocamine,</span> <span class='ocrx_word' id='word_1_143' title='bbox 526 1700 612 1740; x_wconf 78' lang='lat' dir='ltr'>cortus,</span> 
     </span>
     <span class='ocr_line' id='line_1_22' title="bbox 41 1756 668 1816; baseline 0.002 -17"><span class='ocrx_word' id='word_1_144' title='bbox 41 1758 83 1801; x_wconf 80' lang='lat' dir='ltr'>snt</span> <span class='ocrx_word' id='word_1_145' title='bbox 90 1772 168 1816; x_wconf 81' lang='lat' dir='ltr'>precor</span> <span class='ocrx_word' id='word_1_146' title='bbox 177 1757 218 1800; x_wconf 85' lang='lat' dir='ltr'>ista</span> <span class='ocrx_word' id='word_1_147' title='bbox 227 1756 299 1798; x_wconf 87' lang='lat' dir='ltr'>maio:</span> <span class='ocrx_word' id='word_1_148' title='bbox 310 1770 349 1798; x_wconf 88' lang='lat' dir='ltr'>nos</span> <span class='ocrx_word' id='word_1_149' title='bbox 358 1771 439 1799; x_wconf 83' lang='lat' dir='ltr'>vanum</span> <span class='ocrx_word' id='word_1_150' title='bbox 449 1758 570 1813; x_wconf 86' lang='lat' dir='ltr'>spernimus</span> <span class='ocrx_word' id='word_1_151' title='bbox 578 1774 668 1802; x_wconf 82' lang='lat' dir='ltr'>omen.»</span> 
     </span>
     <span class='ocr_line' id='line_1_23' title="bbox 42 1831 605 1890; baseline 0.009 -18"><span class='ocrx_word' id='word_1_152' title='bbox 42 1831 80 1875; x_wconf 77' lang='lat' dir='ltr'>Nee</span> <span class='ocrx_word' id='word_1_153' title='bbox 88 1843 186 1890; x_wconf 85' lang='lat' dir='ltr'>ooeptnm</span> <span class='ocrx_word' id='word_1_154' title='bbox 195 1831 287 1874; x_wconf 86' lang='lat' dir='ltr'>dimittit</span> <span class='ocrx_word' id='word_1_155' title='bbox 295 1831 348 1873; x_wconf 86' lang='lat' dir='ltr'>iter:</span> <span class='ocrx_word' id='word_1_156' title='bbox 358 1831 490 1887; x_wconf 90' lang='lat' dir='ltr'>dominoque</span> <span class='ocrx_word' id='word_1_157' title='bbox 496 1832 605 1888; x_wconf 83' lang='lat' dir='ltr'>jacentem</span> 
     </span>
     <span class='ocr_line' id='line_1_24' title="bbox 40 1905 588 1963; baseline 0.004 -16"><span class='ocrx_word' id='word_1_158' title='bbox 40 1905 89 1948; x_wconf 80' lang='lat' dir='ltr'>cun</span> <span class='ocrx_word' id='word_1_159' title='bbox 95 1907 179 1963; x_wconf 75' lang='lat' dir='ltr'>juvene</span> <span class='ocrx_word' id='word_1_160' title='bbox 188 1906 299 1948; x_wconf 68' lang='lat' dir='ltr'>flamonio</span> <span class='ocrx_word' id='word_1_161' title='bbox 309 1905 384 1947; x_wconf 85' lang='lat' dir='ltr'>vidisse</span> <span class='ocrx_word' id='word_1_162' title='bbox 392 1906 498 1948; x_wconf 86' lang='lat' dir='ltr'>Coronida</span> <span class='ocrx_word' id='word_1_163' title='bbox 507 1916 588 1949; x_wconf 82' lang='lat' dir='ltr'>narrat.</span> 
     </span>
     <span class='ocr_line' id='line_1_25' title="bbox 40 1977 563 2034; baseline -0.002 -14"><span class='ocrx_word' id='word_1_164' title='bbox 40 1978 113 2022; x_wconf 80' lang='lat' dir='ltr'>hnrea</span> <span class='ocrx_word' id='word_1_165' title='bbox 122 1979 212 2034; x_wconf 85' lang='lat' dir='ltr'>delapsa</span> <span class='ocrx_word' id='word_1_166' title='bbox 222 1987 264 2027; x_wconf 73' lang='lat' dir='ltr'>est¹</span> <span class='ocrx_word' id='word_1_167' title='bbox 274 1977 349 2020; x_wconf 87' lang='lat' dir='ltr'>audito</span> <span class='ocrx_word' id='word_1_168' title='bbox 358 1978 458 2028; x_wconf 87' lang='lat' dir='ltr'>crimine,</span> <span class='ocrx_word' id='word_1_169' title='bbox 468 1980 563 2021; x_wconf 82' lang='lat' dir='ltr'>amanti:</span> 
     </span>
     <span class='ocr_line' id='line_1_26' title="bbox 38 2051 615 2109; baseline -0.005 -15"><span class='ocrx_word' id='word_1_170' title='bbox 38 2051 61 2094; x_wconf 79' lang='lat' dir='ltr'>n</span> <span class='ocrx_word' id='word_1_171' title='bbox 68 2055 147 2108; x_wconf 73' lang='lat' dir='ltr'>pariter</span> <span class='ocrx_word' id='word_1_172' title='bbox 156 2052 273 2109; x_wconf 81' lang='lat' dir='ltr'>vultusque</span> <span class='ocrx_word' id='word_1_173' title='bbox 282 2053 335 2103; x_wconf 79' lang='lat' dir='ltr'>neo,</span> <span class='ocrx_word' id='word_1_174' title='bbox 344 2051 505 2108; x_wconf 80' lang='lat' dir='ltr'>plectrumque,</span> <span class='ocrx_word' id='word_1_175' title='bbox 514 2051 615 2106; x_wconf 84' lang='lat' dir='ltr'>colorque</span> 
     </span>
     <span class='ocr_line' id='line_1_27' title="bbox 38 2122 584 2181; baseline -0.013 -12"><span class='ocrx_word' id='word_1_176' title='bbox 38 2124 122 2177; x_wconf 63' lang='lat' dir='ltr'>heidiu</span> <span class='ocrx_word' id='word_1_177' title='bbox 132 2136 202 2181; x_wconf 81' lang='lat' dir='ltr'>utque</span> <span class='ocrx_word' id='word_1_178' title='bbox 212 2124 298 2167; x_wconf 79' lang='lat' dir='ltr'>animus</span> <span class='ocrx_word' id='word_1_179' title='bbox 307 2125 390 2166; x_wconf 86' lang='lat' dir='ltr'>tumida</span> <span class='ocrx_word' id='word_1_180' title='bbox 400 2124 496 2167; x_wconf 80' lang='lat' dir='ltr'>fervebat</span> <span class='ocrx_word' id='word_1_181' title='bbox 505 2124 533 2164; x_wconf 79' lang='lat' dir='ltr'>ab</span> <span class='ocrx_word' id='word_1_182' title='bbox 542 2122 584 2168; x_wconf 80' lang='lat' dir='ltr'>ira.</span> 
     </span>
     <span class='ocr_line' id='line_1_28' title="bbox 37 2195 625 2256; baseline -0.015 -16"><span class='ocrx_word' id='word_1_183' title='bbox 37 2197 96 2241; x_wconf 63' lang='lat' dir='ltr'>Arrun</span> <span class='ocrx_word' id='word_1_184' title='bbox 104 2200 197 2242; x_wconf 79' lang='lat' dir='ltr'>adsueta</span> <span class='ocrx_word' id='word_1_185' title='bbox 206 2197 272 2256; x_wconf 84' lang='lat' dir='ltr'>rapit;</span> <span class='ocrx_word' id='word_1_186' title='bbox 284 2196 407 2253; x_wconf 77' lang='lat' dir='ltr'>flexumque</span> <span class='ocrx_word' id='word_1_187' title='bbox 417 2211 431 2239; x_wconf 87' lang='lat' dir='ltr'>a</span> <span class='ocrx_word' id='word_1_188' title='bbox 440 2195 541 2238; x_wconf 85' lang='lat' dir='ltr'>comibus</span> <span class='ocrx_word' id='word_1_189' title='bbox 549 2203 625 2233; x_wconf 83' lang='lat' dir='ltr'>arcum</span> 
     </span>
    </p>
   </div>
   <div class='ocr_carea' id='block_1_6' title="bbox 0 0 838 2592">
    <p class='ocr_par' dir='ltr' id='par_1_7' title="bbox 0 0 838 2592">
     <span class='ocr_line' id='line_1_29' title="bbox 0 0 838 2592; baseline 0 4"><span class='ocrx_word' id='word_1_190' title='bbox 0 0 838 2592; x_wconf 95' lang='lat' dir='ltr'> </span> 
     </span>
    </p>
   </div>
  </div>
 </body>
</html>
