1667 2592
86 216 107 244 v·
122 207 170 245 151.
327 203 427 245 LIBER
444 203 487 245 Vl.
686 204 725 256 173

88 294 168 336 Cedere
177 292 294 341 conotus,
304 293 416 348 verbisque
426 292 547 334 minoribus
556 291 595 335 uti.

89 367 159 409 Multa
166 368 249 409 dabant
258 366 350 409 animos.
359 368 400 408 Sed
409 367 468 408 enim
478 381 517 409 nec
526 365 624 421 conjugis
633 376 701 419 artes,
710 410 714 415 ,

89 440 135 481 Nec
144 452 212 494 genus
220 440 348 489 amborum,
359 439 475 493 magnique
485 440 581 493 potentia
592 438 662 494 regni,

88 512 122 554 Sic
132 512 232 567 placuere
241 512 271 554 illi
281 513 394 569 (quamvis
403 527 428 554 ea
438 523 516 555 cuncta
525 511 661 568 placebant),

89 587 118 628 Ut
127 599 167 627 sua
176 586 300 641 progenies:
311 597 332 629 et
341 585 464 628 felicissima
474 596 570 628 matrum
595 618 601 627 .
623 569 650 594 χ

88 657 149 700 Dicta
159 656 214 700 foret
225 658 304 707 Niobe,
314 659 332 700 si
342 672 386 700 non
396 658 437 700 sibi
448 658 492 699 visa
502 657 583 700 luisset.

88 733 146 773 Nam
156 742 202 773 sata
211 731 303 779 Tiresia.
313 732 398 773 venturi
408 731 506 786 prescia,
516 734 590 774 atarto

87 808 127 847 Per
137 804 217 846 medias
227 804 309 855 fuerat,
318 805 391 847 divino
401 804 485 847 concita
496 815 568 855 motu,

88 878 211 921 Vaticinata
221 878 277 920 vias:
289 879 435 928 «Ismenides,
445 878 473 921 ite
483 878 616 934 frequentes,

88 952 113 993 Et
122 952 172 993 date
181 952 277 1001 latonae,
286 951 464 1006 Latonigenisque
474 952 571 1003 duobus,

88 1028 144 1070 Cum
156 1039 217 1082 prece
229 1036 276 1068 tura
286 1027 332 1081 pia;
342 1027 448 1083 lauroque
458 1027 558 1070 innectite
568 1026 663 1069 crinem:

88 1102 130 1142 Ore
140 1113 190 1141 meo
199 1102 279 1142 latona
285 1100 356 1156 jubet.
363 1118 374 1138 a
384 1104 484 1152 Paretur;
494 1111 516 1143 et
525 1115 600 1143 omnes

88 1171 207 1214 Thebaides
213 1171 279 1227 jussis
289 1187 327 1214 sua
338 1183 435 1228 tempora
446 1169 558 1214 frondibus
569 1183 658 1225 ornant,

88 1247 190 1302 Turaque
200 1246 253 1288 dant
261 1246 351 1296 sanctis,
361 1255 382 1288 et
392 1246 455 1287 verba
467 1246 587 1300 precantia,
598 1245 699 1290 llammia.

118 1319 171 1361 Ecce
181 1318 238 1361 venit
248 1319 355 1361 comitum
364 1318 434 1360 Niobe
443 1317 581 1359 celeberrima
593 1318 667 1369 turba,

88 1391 190 1434 Vestibus
200 1392 281 1434 intexto
291 1391 385 1448 Phrygiis
394 1390 515 1445 spectabilis
524 1404 589 1441 auro,

87 1467 124 1517 Et,
135 1475 242 1522 quantum
252 1465 284 1507 ira
293 1465 355 1514 sinit¹
365 1464 473 1515 formosa3
483 1478 614 1520 movensque
623 1466 700 1509 decoro

88 1541 146 1582 Cum
155 1538 224 1594 capite
234 1538 342 1580 immissos
352 1537 470 1579 humerum
479 1551 517 1593 per
526 1546 643 1593 utrumque
653 1539 747 1595 capillos.

88 1610 202 1654 Constitit:
214 1621 280 1667 utque
290 1610 364 1653 oculos
374 1610 507 1653 circumtulit
517 1610 559 1653 alta
568 1613 683 1667 superbos;

89 1687 161 1744 «Quis
171 1684 233 1728 furor
242 1686 340 1735 auditos,
349 1686 431 1740 inquit,
442 1700 563 1741 praeponere
573 1686 621 1729 visis

87 1758 199 1804 coelestes!
208 1769 295 1802 auteur
304 1759 382 1801 colitur
392 1761 472 1801 latona
482 1774 520 1814 per
529 1772 587 1809 aras3

88 1836 178 1877 Numen
184 1833 254 1875 adbuc
260 1832 305 1875 sine
311 1841 358 1874 turc
363 1846 438 1874 meum
444 1839 487 1874 est?
497 1831 544 1872 nini
555 1832 653 1875 tantalus
658 1843 741 1887 auctor,

87 1906 129 1950 Cui
138 1905 200 1948 licuit
209 1905 248 1948 soli
258 1909 391 1960 superorum
401 1914 487 1959 tangere
498 1917 589 1944 mensas.

87 1980 200 2024 Pleiadum
210 1991 272 2021 soror
280 1988 312 2020 est
321 1978 411 2032 genitrix
421 1980 475 2018 mini
484 1994 488 2017 :
500 1975 608 2016 maximus
616 1976 674 2020 Atlas

88 2055 125 2097 Est
134 2067 199 2103 avus,
208 2050 322 2094 aetherium
331 2051 368 2104 qui
378 2050 421 2092 lcrt
430 2049 547 2092 cervicibus
557 2061 632 2089 atem:

88 2127 174 2183 Jupiter
183 2125 237 2168 alter
246 2137 309 2175 avus;
319 2136 392 2165 socero
401 2135 488 2177 quoque
498 2118 577 2175 glorior
586 2119 630 2162 illo.

87 2202 125 2244 tte
135 2208 208 2258 gentes
217 2206 320 2242 metuunt
328 2195 436 2254 Phrygiae:
447 2207 482 2236 me
492 2191 549 2249 regia
557 2191 632 2236 Cadmi
