1667 2592
128 196 153 227 ιο
280 181 608 223 METllMOllPllOSEON
697 198 718 225 v.
734 200 766 219 υ,

123 270 172 311 Neu
183 268 240 324 regio
250 267 306 311 foret
315 267 359 310 ulla
369 267 413 310 suis
423 267 571 311 animantibus
580 270 644 320 orba,

123 344 184 385 Astra
195 353 267 385 tenent
276 343 359 385 coeleste
368 341 451 391 solum,
462 341 580 398 formaeque
588 345 685 386 Deorum
694 362 699 386 :

124 416 237 457 Cesserunt
246 415 319 458 nitidis
328 415 451 457 habitanda
461 415 555 470 piscibus
565 415 641 458 undae:

128 489 141 531 l
142 501 189 530 erra
200 486 255 529 feras
265 487 333 543 cepit:
343 487 442 530 volucres
451 488 558 543 agitabilis
567 501 610 531 aer.

153 635 179 674 11.
191 635 297 675 Strrcrrus
306 632 339 674 his
349 631 442 682 animal,
452 635 573 689 mentisque
582 634 683 688 capacius
693 634 750 679 altae

122 709 199 750 Deerat
207 707 289 757 adhuc,
299 718 321 749 et
329 708 388 762 quod
397 708 506 750 dominari
515 709 538 750 in
547 716 617 751 cetera
626 719 706 764 posset

122 783 192 823 Natus
202 781 269 823 homo
279 791 323 823 est:
332 781 375 823 sive
385 780 444 823 hunc
453 780 526 823 divino
535 781 617 823 semine
627 780 678 825 fecit

122 853 160 899 llle
170 853 242 909 opifex
252 868 337 903 rerum,
348 854 425 896 mundi
436 853 529 896 melioris
539 854 610 911 στῆθος

122 929 169 971 Sive
179 941 252 970 recens
263 928 336 977 tellus,
345 930 476 983 seductaque
486 942 556 984 nuper
564 930 592 970 ab
601 928 645 971 alto

125 1001 218 1051 AEtlrere,
229 1001 314 1056 cognati
325 1000 431 1043 retinebat
440 1002 523 1043 semina
533 1001 586 1044 coeli.

124 1077 195 1133 Quam
206 1085 265 1117 satus
276 1078 358 1131 lopeto,
369 1074 460 1117 mixtam
471 1074 594 1118 fluvialibus
604 1077 679 1129 undis,

123 1149 194 1192 Finxit
203 1149 225 1191 in
235 1148 330 1206 effigiem
340 1151 494 1192 moderantum
504 1161 583 1193 cuncta
591 1152 694 1197 Deorum.

121 1225 234 1278 Pronaque
244 1237 314 1279 quum
323 1232 420 1279 spectent
429 1223 531 1266 animalia
540 1234 610 1267 cetera
620 1233 716 1280 terram,

122 1298 149 1339 Os
159 1295 244 1338 homini
254 1295 347 1338 sublime
356 1296 426 1347 dedit,
436 1295 557 1351 coelumque
567 1297 622 1339 tueri

121 1371 198 1423 lussit,
207 1382 229 1414 ct
238 1382 319 1414 erectos
327 1372 355 1413 ad
364 1371 434 1414 sidera
444 1370 518 1414 tollere
527 1370 606 1414 vrdtus.

120 1446 165 1496 Sic,
175 1447 241 1487 modo
251 1459 298 1502 quae
308 1444 379 1487 fuerat
389 1445 448 1487 rudis
458 1455 480 1487 et
488 1446 534 1487 sinc
542 1444 648 1501 imagine,
660 1446 726 1493 tellus

122 1520 196 1565 luduit
205 1520 289 1575 ignotas
298 1519 415 1562 hominum
425 1533 528 1563 conversa
537 1519 623 1575 ligures.

148 1669 183 1710 lll.
195 1671 268 1710 Auru
279 1667 350 1723 prima
359 1676 405 1710 sata
414 1676 446 1710 est
455 1677 516 1719 aetas,
526 1682 585 1724 quae,
596 1667 680 1711 vindice
690 1671 767 1724 nullo,

119 1745 200 1800 Sponte
209 1756 259 1791 sua,
269 1742 315 1784 sine
324 1741 381 1798 leqe,
391 1742 456 1785 fidem
467 1752 593 1798 rectumque
602 1742 695 1787 colebat.

120 1820 183 1860 Poeua
194 1826 307 1872 metusque
316 1817 415 1867 aberant;
426 1830 465 1858 nec
474 1816 540 1858 rerba
549 1816 642 1859 minacia
652 1816 697 1861 lixo

120 1894 165 1933 AEre
175 1889 312 1945 legebantur;
321 1903 361 1931 nec
370 1888 459 1946 supplex
468 1889 533 1932 turba
543 1889 650 1932 timebant

118 1963 200 2007 luditis
209 1976 247 2004 ora
255 1961 303 2004 sui:
314 1963 350 2004 sed
360 1973 422 2005 erant
431 1962 476 2004 sine
486 1962 569 2004 vindice
579 1962 628 2005 tuti.

119 2040 223 2082 Nondum
233 2050 286 2079 casa
296 2036 351 2083 suis.
360 2037 499 2092 peregrinum
509 2047 533 2079 ut
543 2036 619 2080 viseret
628 2039 718 2083 orbern.

118 2112 241 2161 Montibus,
252 2111 274 2152 in
283 2109 374 2165 liquidas
383 2109 448 2163 pinus
457 2110 595 2152 descenderat
604 2111 674 2153 undas
683 2130 687 2154 :

119 2183 227 2237 Nullaque
237 2182 350 2233 mortales,
359 2192 436 2237 prater
445 2184 496 2233 sua,
506 2183 567 2226 lirora
578 2196 662 2228 norant.
