<?xml version="1.0" encoding="UTF-8"?>
<!DOCTYPE html PUBLIC "-//W3C//DTD XHTML 1.0 Transitional//EN"
    "http://www.w3.org/TR/xhtml1/DTD/xhtml1-transitional.dtd">
<html xmlns="http://www.w3.org/1999/xhtml" xml:lang="en" lang="en">
 <head>
  <title>
</title>
<meta http-equiv="Content-Type" content="text/html;charset=utf-8" />
  <meta name='ocr-system' content='tesseract 3.04.00' />
  <meta name='ocr-capabilities' content='ocr_page ocr_carea ocr_par ocr_line ocrx_word'/>
</head>
<body>
  <div class='ocr_page' id='page_1' title='image "./opera00accugoog/opera00accugoog_0082.png"; bbox 0 0 1667 2592; ppageno 0'>
   <div class='ocr_carea' id='block_1_1' title="bbox 109 180 744 255">
    <p class='ocr_par' dir='ltr' id='par_1_1' title="bbox 109 180 744 255">
     <span class='ocr_line' id='line_1_1' title="bbox 109 180 744 255; baseline -0.041 -11"><span class='ocrx_word' id='word_1_1' title='bbox 109 202 137 255; x_wconf 80' lang='lat'>78</span> <span class='ocrx_word' id='word_1_2' title='bbox 260 182 587 235; x_wconf 69' lang='lat' dir='ltr'>unttnonruosttou</span> <span class='ocrx_word' id='word_1_3' title='bbox 674 180 744 230; x_wconf 77' lang='lat' dir='ltr'><strong>v.75.</strong></span> 
     </span>
    </p>
   </div>
   <div class='ocr_carea' id='block_1_2' title="bbox 111 266 692 341">
    <p class='ocr_par' dir='ltr' id='par_1_2' title="bbox 111 266 692 341">
     <span class='ocr_line' id='line_1_2' title="bbox 111 266 692 341; baseline -0.04 -10"><span class='ocrx_word' id='word_1_4' title='bbox 111 292 218 341; x_wconf 86' lang='lat' dir='ltr'>Terraque</span> <span class='ocrx_word' id='word_1_5' title='bbox 227 296 275 325; x_wconf 87' lang='lat' dir='ltr'>rasa</span> <span class='ocrx_word' id='word_1_6' title='bbox 283 287 346 322; x_wconf 89' lang='lat' dir='ltr'>sonat</span> <span class='ocrx_word' id='word_1_7' title='bbox 353 274 459 332; x_wconf 88' lang='lat' dir='ltr'>squamis;</span> <span class='ocrx_word' id='word_1_8' title='bbox 469 271 550 327; x_wconf 89' lang='lat' dir='ltr'>quique</span> <span class='ocrx_word' id='word_1_9' title='bbox 558 268 639 311; x_wconf 83' lang='lat' dir='ltr'>halitus</span> <span class='ocrx_word' id='word_1_10' title='bbox 648 266 692 309; x_wconf 82' lang='lat' dir='ltr'>exit</span> 
     </span>
    </p>
   </div>
   <div class='ocr_carea' id='block_1_3' title="bbox 112 347 673 489">
    <p class='ocr_par' dir='ltr' id='par_1_3' title="bbox 112 347 673 489">
     <span class='ocr_line' id='line_1_3' title="bbox 112 347 562 413; baseline -0.045 -9"><span class='ocrx_word' id='word_1_11' title='bbox 112 363 152 404; x_wconf 89' lang='lat' dir='ltr'>Ore</span> <span class='ocrx_word' id='word_1_12' title='bbox 161 359 221 413; x_wconf 90' lang='lat' dir='ltr'>niger</span> <span class='ocrx_word' id='word_1_13' title='bbox 230 354 310 411; x_wconf 73' lang='lat' dir='ltr'>Stygio,</span> <span class='ocrx_word' id='word_1_14' title='bbox 320 351 404 394; x_wconf 74' lang='lat' dir='ltr'>vitiatas</span> <span class='ocrx_word' id='word_1_15' title='bbox 413 347 483 389; x_wconf 84' lang='lat' dir='ltr'>inficit</span> <span class='ocrx_word' id='word_1_16' title='bbox 491 357 562 387; x_wconf 80' lang='lat' dir='ltr'>auras.</span> 
     </span>
     <span class='ocr_line' id='line_1_4' title="bbox 113 413 673 489; baseline -0.041 -14"><span class='ocrx_word' id='word_1_17' title='bbox 113 436 160 489; x_wconf 87' lang='lat' dir='ltr'>lpse</span> <span class='ocrx_word' id='word_1_18' title='bbox 169 430 235 471; x_wconf 91' lang='lat' dir='ltr'>modo</span> <span class='ocrx_word' id='word_1_19' title='bbox 244 427 376 468; x_wconf 87' lang='lat' dir='ltr'>immensum</span> <span class='ocrx_word' id='word_1_20' title='bbox 386 420 448 476; x_wconf 86' lang='lat' dir='ltr'>spiris</span> <span class='ocrx_word' id='word_1_21' title='bbox 458 415 587 460; x_wconf 74' lang='lat' dir='ltr'>facientibus</span> <span class='ocrx_word' id='word_1_22' title='bbox 596 413 673 455; x_wconf 89' lang='lat' dir='ltr'>orbem</span> 
     </span>
    </p>
   </div>
   <div class='ocr_carea' id='block_1_4' title="bbox 113 487 780 2168">
    <p class='ocr_par' dir='ltr' id='par_1_4' title="bbox 113 487 696 1358">
     <span class='ocr_line' id='line_1_5' title="bbox 113 487 630 564; baseline -0.041 -15"><span class='ocrx_word' id='word_1_23' title='bbox 113 505 221 560; x_wconf 82' lang='lat' dir='ltr'>Cingitur:</span> <span class='ocrx_word' id='word_1_24' title='bbox 232 500 341 543; x_wconf 90' lang='lat' dir='ltr'>interdum</span> <span class='ocrx_word' id='word_1_25' title='bbox 351 496 414 564; x_wconf 79' lang='lat' dir='ltr'>ionga</span> <span class='ocrx_word' id='word_1_26' title='bbox 425 493 485 536; x_wconf 82' lang='lat' dir='ltr'>trabe</span> <span class='ocrx_word' id='word_1_27' title='bbox 495 489 572 532; x_wconf 89' lang='lat' dir='ltr'>rectior</span> <span class='ocrx_word' id='word_1_28' title='bbox 580 487 630 530; x_wconf 85' lang='lat' dir='ltr'>exit</span> 
     </span>
     <span class='ocr_line' id='line_1_6' title="bbox 114 558 708 635; baseline -0.038 -12"><span class='ocrx_word' id='word_1_29' title='bbox 114 584 195 635; x_wconf 89' lang='lat' dir='ltr'>Impete</span> <span class='ocrx_word' id='word_1_30' title='bbox 205 590 263 619; x_wconf 86' lang='lat' dir='ltr'>nunc</span> <span class='ocrx_word' id='word_1_31' title='bbox 272 582 342 622; x_wconf 82' lang='lat' dir='ltr'>vasto,</span> <span class='ocrx_word' id='word_1_32' title='bbox 351 584 392 614; x_wconf 89' lang='lat' dir='ltr'>ceu</span> <span class='ocrx_word' id='word_1_33' title='bbox 401 567 498 612; x_wconf 85' lang='lat' dir='ltr'>concitus</span> <span class='ocrx_word' id='word_1_34' title='bbox 506 564 615 607; x_wconf 81' lang='lat' dir='ltr'>imbribus</span> <span class='ocrx_word' id='word_1_35' title='bbox 624 558 708 608; x_wconf 85' lang='lat' dir='ltr'>amnis,</span> 
     </span>
     <span class='ocr_line' id='line_1_7' title="bbox 114 632 640 703; baseline -0.042 -5"><span class='ocrx_word' id='word_1_36' title='bbox 114 657 196 703; x_wconf 80' lang='lat' dir='ltr'>Fertur</span> <span class='ocrx_word' id='word_1_37' title='bbox 205 660 227 693; x_wconf 89' lang='lat' dir='ltr'>t</span> <span class='ocrx_word' id='word_1_38' title='bbox 235 650 343 691; x_wconf 89' lang='lat' dir='ltr'>obstantes</span> <span class='ocrx_word' id='word_1_39' title='bbox 352 643 467 701; x_wconf 74' lang='lat' dir='ltr'>proturbat</span> <span class='ocrx_word' id='word_1_40' title='bbox 476 648 560 695; x_wconf 78' lang='lat' dir='ltr'>pectore</span> <span class='ocrx_word' id='word_1_41' title='bbox 561 632 640 678; x_wconf 82' lang='lat' dir='ltr'>siivas.</span> 
     </span>
     <span class='ocr_line' id='line_1_8' title="bbox 113 710 618 782; baseline -0.044 -10"><span class='ocrx_word' id='word_1_42' title='bbox 113 728 174 774; x_wconf 81' lang='lat' dir='ltr'>Cedit</span> <span class='ocrx_word' id='word_1_43' title='bbox 183 723 309 782; x_wconf 78' lang='lat' dir='ltr'>Agenorides</span> <span class='ocrx_word' id='word_1_44' title='bbox 318 719 420 777; x_wconf 88' lang='lat' dir='ltr'>paulum;</span> <span class='ocrx_word' id='word_1_45' title='bbox 429 714 540 771; x_wconf 86' lang='lat' dir='ltr'>spolioque</span> <span class='ocrx_word' id='word_1_46' title='bbox 549 710 618 753; x_wconf 88' lang='lat' dir='ltr'>ieonis</span> 
     </span>
     <span class='ocr_line' id='line_1_9' title="bbox 114 783 633 845; baseline -0.04 -1"><span class='ocrx_word' id='word_1_47' title='bbox 114 799 208 844; x_wconf 84' lang='lat' dir='ltr'>Sustinet</span> <span class='ocrx_word' id='word_1_48' title='bbox 216 797 325 845; x_wconf 87' lang='lat' dir='ltr'>incursus;</span> <span class='ocrx_word' id='word_1_49' title='bbox 335 789 479 844; x_wconf 73' lang='lat' dir='ltr'>instantiaque</span> <span class='ocrx_word' id='word_1_50' title='bbox 489 799 528 828; x_wconf 89' lang='lat' dir='ltr'>ora</span> <span class='ocrx_word' id='word_1_51' title='bbox 537 783 633 826; x_wconf 86' lang='lat' dir='ltr'>retardat</span> 
     </span>
     <span class='ocr_line' id='line_1_10' title="bbox 114 859 626 931; baseline -0.041 -12"><span class='ocrx_word' id='word_1_52' title='bbox 114 875 205 931; x_wconf 79' lang='lat' dir='ltr'>Cuspide</span> <span class='ocrx_word' id='word_1_53' title='bbox 215 879 323 928; x_wconf 72' lang='lat' dir='ltr'>pretenta.</span> <span class='ocrx_word' id='word_1_54' title='bbox 334 866 393 909; x_wconf 83' lang='lat' dir='ltr'>Furit</span> <span class='ocrx_word' id='word_1_55' title='bbox 402 864 448 914; x_wconf 86' lang='lat' dir='ltr'>ille,</span> <span class='ocrx_word' id='word_1_56' title='bbox 457 872 479 905; x_wconf 92' lang='lat' dir='ltr'>et</span> <span class='ocrx_word' id='word_1_57' title='bbox 487 859 560 903; x_wconf 80' lang='lat' dir='ltr'>inania</span> <span class='ocrx_word' id='word_1_58' title='bbox 569 860 626 900; x_wconf 84' lang='lat' dir='ltr'>duro</span> 
     </span>
     <span class='ocr_line' id='line_1_11' title="bbox 115 930 698 994; baseline -0.042 -1"><span class='ocrx_word' id='word_1_59' title='bbox 115 949 210 993; x_wconf 78' lang='lat' dir='ltr'>Vulnera</span> <span class='ocrx_word' id='word_1_60' title='bbox 219 947 256 987; x_wconf 89' lang='lat' dir='ltr'>dat</span> <span class='ocrx_word' id='word_1_61' title='bbox 266 942 332 991; x_wconf 76' lang='lat' dir='ltr'>ferr03</span> <span class='ocrx_word' id='word_1_62' title='bbox 343 935 479 994; x_wconf 71' lang='lat' dir='ltr'>frangitque</span> <span class='ocrx_word' id='word_1_63' title='bbox 474 948 496 976; x_wconf 89' lang='grc' dir='ltr'>ιιι</span> <span class='ocrx_word' id='word_1_64' title='bbox 506 931 605 976; x_wconf 84' lang='lat' dir='ltr'>acumine</span> <span class='ocrx_word' id='word_1_65' title='bbox 615 930 698 971; x_wconf 77' lang='lat' dir='ltr'>denter.</span> 
     </span>
     <span class='ocr_line' id='line_1_12' title="bbox 116 1003 611 1074; baseline -0.038 -11"><span class='ocrx_word' id='word_1_66' title='bbox 116 1023 206 1074; x_wconf 86' lang='lat' dir='ltr'>Jamque</span> <span class='ocrx_word' id='word_1_67' title='bbox 216 1012 337 1058; x_wconf 79' lang='lat' dir='ltr'>venenifero</span> <span class='ocrx_word' id='word_1_68' title='bbox 346 1009 433 1066; x_wconf 84' lang='lat' dir='ltr'>sanguis</span> <span class='ocrx_word' id='word_1_69' title='bbox 443 1019 531 1049; x_wconf 89' lang='lat' dir='ltr'>manare</span> <span class='ocrx_word' id='word_1_70' title='bbox 539 1003 611 1071; x_wconf 67' lang='lat' dir='ltr'>pelato</span> 
     </span>
     <span class='ocr_line' id='line_1_13' title="bbox 116 1076 671 1149; baseline -0.04 -12"><span class='ocrx_word' id='word_1_71' title='bbox 116 1097 222 1149; x_wconf 82' lang='lat' dir='ltr'>Greperat,</span> <span class='ocrx_word' id='word_1_72' title='bbox 232 1100 254 1131; x_wconf 90' lang='lat' dir='ltr'>et</span> <span class='ocrx_word' id='word_1_73' title='bbox 262 1087 338 1129; x_wconf 88' lang='lat' dir='ltr'>virides</span> <span class='ocrx_word' id='word_1_74' title='bbox 347 1081 471 1139; x_wconf 79' lang='lat' dir='ltr'>adspergine</span> <span class='ocrx_word' id='word_1_75' title='bbox 481 1082 572 1122; x_wconf 85' lang='lat' dir='ltr'>tinxerat</span> <span class='ocrx_word' id='word_1_76' title='bbox 581 1076 671 1125; x_wconf 79' lang='lat' dir='ltr'>herbns3</span> 
     </span>
     <span class='ocr_line' id='line_1_14' title="bbox 116 1148 689 1212; baseline -0.038 -3"><span class='ocrx_word' id='word_1_77' title='bbox 116 1168 156 1210; x_wconf 84' lang='lat' dir='ltr'>Sed</span> <span class='ocrx_word' id='word_1_78' title='bbox 166 1165 210 1207; x_wconf 88' lang='lat' dir='ltr'>leve</span> <span class='ocrx_word' id='word_1_79' title='bbox 218 1161 296 1206; x_wconf 76' lang='lat' dir='ltr'>vuinus</span> <span class='ocrx_word' id='word_1_80' title='bbox 305 1166 360 1207; x_wconf 84' lang='lat' dir='ltr'>erat</span> <span class='ocrx_word' id='word_1_81' title='bbox 370 1157 422 1212; x_wconf 80' lang='lat' dir='ltr'>quia</span> <span class='ocrx_word' id='word_1_82' title='bbox 431 1169 453 1197; x_wconf 88' lang='lat' dir='ltr'>se</span> <span class='ocrx_word' id='word_1_83' title='bbox 463 1151 584 1199; x_wconf 72' lang='lat' dir='ltr'>retrahebat</span> <span class='ocrx_word' id='word_1_84' title='bbox 593 1148 636 1189; x_wconf 84' lang='lat' dir='ltr'>ab&#39;</span> <span class='ocrx_word' id='word_1_85' title='bbox 630 1157 689 1198; x_wconf 81' lang='lat' dir='ltr'>ictu,</span> 
     </span>
     <span class='ocr_line' id='line_1_15' title="bbox 117 1224 650 1294; baseline -0.039 -10"><span class='ocrx_word' id='word_1_86' title='bbox 117 1243 216 1294; x_wconf 69' lang='lat' dir='ltr'>rasaque</span> <span class='ocrx_word' id='word_1_87' title='bbox 225 1235 278 1279; x_wconf 85' lang='lat' dir='ltr'>coila</span> <span class='ocrx_word' id='word_1_88' title='bbox 288 1234 353 1276; x_wconf 86' lang='lat' dir='ltr'>dabat</span> <span class='ocrx_word' id='word_1_89' title='bbox 362 1241 430 1280; x_wconf 88' lang='lat' dir='ltr'>retro,</span> <span class='ocrx_word' id='word_1_90' title='bbox 440 1228 568 1284; x_wconf 77' lang='lat' dir='ltr'>plagamque</span> <span class='ocrx_word' id='word_1_91' title='bbox 576 1224 650 1266; x_wconf 83' lang='lat' dir='ltr'>sedere</span> 
     </span>
     <span class='ocr_line' id='line_1_16' title="bbox 117 1299 609 1358; baseline -0.041 -1"><span class='ocrx_word' id='word_1_92' title='bbox 117 1313 216 1358; x_wconf 82' lang='lat' dir='ltr'>Cedendo</span> <span class='ocrx_word' id='word_1_93' title='bbox 225 1310 321 1358; x_wconf 84' lang='lat' dir='ltr'>arcebat,</span> <span class='ocrx_word' id='word_1_94' title='bbox 331 1319 370 1348; x_wconf 87' lang='lat' dir='ltr'>nec</span> <span class='ocrx_word' id='word_1_95' title='bbox 379 1302 464 1358; x_wconf 88' lang='lat' dir='ltr'>longius</span> <span class='ocrx_word' id='word_1_96' title='bbox 473 1301 503 1342; x_wconf 91' lang='lat' dir='ltr'>ire</span> <span class='ocrx_word' id='word_1_97' title='bbox 512 1299 609 1341; x_wconf 84' lang='lat' dir='ltr'>sinebat:</span> 
     </span>
    </p>

    <p class='ocr_par' dir='ltr' id='par_1_5' title="bbox 118 1370 689 1656">
     <span class='ocr_line' id='line_1_17' title="bbox 118 1370 681 1442; baseline -0.039 -10"><span class='ocrx_word' id='word_1_98' title='bbox 118 1392 188 1432; x_wconf 86' lang='lat' dir='ltr'>Donec</span> <span class='ocrx_word' id='word_1_99' title='bbox 198 1384 324 1442; x_wconf 75' lang='lat' dir='ltr'>Agenorides</span> <span class='ocrx_word' id='word_1_100' title='bbox 333 1377 457 1434; x_wconf 89' lang='lat' dir='ltr'>conjectum</span> <span class='ocrx_word' id='word_1_101' title='bbox 465 1376 488 1416; x_wconf 92' lang='lat' dir='ltr'>in</span> <span class='ocrx_word' id='word_1_102' title='bbox 497 1382 584 1430; x_wconf 88' lang='lat' dir='ltr'>gutture</span> <span class='ocrx_word' id='word_1_103' title='bbox 594 1370 681 1412; x_wconf 83' lang='lat' dir='ltr'>ferrum</span> 
     </span>
     <span class='ocr_line' id='line_1_18' title="bbox 118 1442 689 1516; baseline -0.039 -12"><span class='ocrx_word' id='word_1_104' title='bbox 118 1464 189 1516; x_wconf 88' lang='lat' dir='ltr'>Usque</span> <span class='ocrx_word' id='word_1_105' title='bbox 197 1470 287 1513; x_wconf 90' lang='lat' dir='ltr'>sequens</span> <span class='ocrx_word' id='word_1_106' title='bbox 296 1453 382 1511; x_wconf 77' lang='lat' dir='ltr'>pressit,</span> <span class='ocrx_word' id='word_1_107' title='bbox 392 1451 446 1493; x_wconf 88' lang='lat' dir='ltr'>dum</span> <span class='ocrx_word' id='word_1_108' title='bbox 456 1457 513 1489; x_wconf 90' lang='lat' dir='ltr'>retro</span> <span class='ocrx_word' id='word_1_109' title='bbox 522 1457 615 1501; x_wconf 86' lang='lat' dir='ltr'>quercus</span> <span class='ocrx_word' id='word_1_110' title='bbox 624 1442 689 1484; x_wconf 87' lang='lat' dir='ltr'>eunti</span> 
     </span>
     <span class='ocr_line' id='line_1_19' title="bbox 119 1517 661 1582; baseline -0.039 -5"><span class='ocrx_word' id='word_1_111' title='bbox 119 1532 216 1582; x_wconf 84' lang='lat' dir='ltr'>Obstitit,</span> <span class='ocrx_word' id='word_1_112' title='bbox 226 1540 248 1572; x_wconf 89' lang='lat' dir='ltr'>et</span> <span class='ocrx_word' id='word_1_113' title='bbox 257 1529 299 1571; x_wconf 79' lang='lat' dir='ltr'>fixa</span> <span class='ocrx_word' id='word_1_114' title='bbox 308 1536 339 1570; x_wconf 91' lang='lat' dir='ltr'>est</span> <span class='ocrx_word' id='word_1_115' title='bbox 348 1525 427 1581; x_wconf 85' lang='lat' dir='ltr'>pariter</span> <span class='ocrx_word' id='word_1_116' title='bbox 436 1535 487 1565; x_wconf 87' lang='lat' dir='ltr'>cnm</span> <span class='ocrx_word' id='word_1_117' title='bbox 496 1520 573 1561; x_wconf 86' lang='lat' dir='ltr'>robore</span> <span class='ocrx_word' id='word_1_118' title='bbox 582 1517 661 1559; x_wconf 76' lang='lat' dir='ltr'>cervix.</span> 
     </span>
     <span class='ocr_line' id='line_1_20' title="bbox 120 1591 629 1656; baseline -0.031 -8"><span class='ocrx_word' id='word_1_119' title='bbox 120 1606 213 1649; x_wconf 87' lang='lat' dir='ltr'>Pondere</span> <span class='ocrx_word' id='word_1_120' title='bbox 222 1600 324 1656; x_wconf 82' lang='lat' dir='ltr'>serpentis</span> <span class='ocrx_word' id='word_1_121' title='bbox 333 1607 422 1641; x_wconf 85' lang='lat' dir='ltr'>curvata</span> <span class='ocrx_word' id='word_1_122' title='bbox 430 1606 462 1638; x_wconf 81' lang='lat' dir='ltr'>ert</span> <span class='ocrx_word' id='word_1_123' title='bbox 470 1595 540 1643; x_wconf 83' lang='lat' dir='ltr'>arbor,</span> <span class='ocrx_word' id='word_1_124' title='bbox 550 1602 572 1635; x_wconf 91' lang='lat' dir='ltr'>et</span> <span class='ocrx_word' id='word_1_125' title='bbox 580 1591 629 1633; x_wconf 83' lang='lat' dir='ltr'>imae</span> 
     </span>
    </p>

    <p class='ocr_par' dir='ltr' id='par_1_6' title="bbox 120 1664 607 1729">
     <span class='ocr_line' id='line_1_21' title="bbox 120 1664 607 1729; baseline -0.035 -8"><span class='ocrx_word' id='word_1_126' title='bbox 120 1682 180 1722; x_wconf 87' lang='lat' dir='ltr'>Parte</span> <span class='ocrx_word' id='word_1_127' title='bbox 190 1672 290 1729; x_wconf 79' lang='lat' dir='ltr'>flagellari</span> <span class='ocrx_word' id='word_1_128' title='bbox 300 1671 383 1726; x_wconf 88' lang='lat' dir='ltr'>gemuit</span> <span class='ocrx_word' id='word_1_129' title='bbox 391 1683 431 1711; x_wconf 81' lang='lat' dir='ltr'>sua</span> <span class='ocrx_word' id='word_1_130' title='bbox 440 1668 518 1709; x_wconf 87' lang='lat' dir='ltr'>robora</span> <span class='ocrx_word' id='word_1_131' title='bbox 527 1664 607 1707; x_wconf 75' lang='lat' dir='ltr'>caudae.</span> 
     </span>
    </p>

    <p class='ocr_par' dir='ltr' id='par_1_7' title="bbox 121 1736 632 1803">
     <span class='ocr_line' id='line_1_22' title="bbox 121 1736 632 1803; baseline -0.033 -9"><span class='ocrx_word' id='word_1_132' title='bbox 121 1754 177 1795; x_wconf 85' lang='lat' dir='ltr'>Dum</span> <span class='ocrx_word' id='word_1_133' title='bbox 186 1747 280 1803; x_wconf 83' lang='lat' dir='ltr'>spatium</span> <span class='ocrx_word' id='word_1_134' title='bbox 291 1746 358 1787; x_wconf 84' lang='lat' dir='ltr'>victor</span> <span class='ocrx_word' id='word_1_135' title='bbox 366 1743 415 1786; x_wconf 79' lang='lat' dir='ltr'>victi</span> <span class='ocrx_word' id='word_1_136' title='bbox 425 1741 545 1784; x_wconf 86' lang='lat' dir='ltr'>considerat</span> <span class='ocrx_word' id='word_1_137' title='bbox 553 1736 632 1788; x_wconf 88' lang='lat' dir='ltr'>bosn&#39;s,</span> 
     </span>
    </p>

    <p class='ocr_par' dir='ltr' id='par_1_8' title="bbox 121 1815 780 2168">
     <span class='ocr_line' id='line_1_23' title="bbox 121 1815 780 1872; baseline -0.027 -6"><span class='ocrx_word' id='word_1_138' title='bbox 121 1824 169 1866; x_wconf 82' lang='lat' dir='ltr'>Vox</span> <span class='ocrx_word' id='word_1_139' title='bbox 178 1819 250 1862; x_wconf 86' lang='lat' dir='ltr'>subito</span> <span class='ocrx_word' id='word_1_140' title='bbox 259 1817 333 1858; x_wconf 84' lang='lat' dir='ltr'>andita</span> <span class='ocrx_word' id='word_1_141' title='bbox 342 1825 374 1858; x_wconf 85' lang='lat' dir='ltr'>est</span> <span class='ocrx_word' id='word_1_142' title='bbox 383 1815 462 1872; x_wconf 87' lang='lat' dir='ltr'>(neque</span> <span class='ocrx_word' id='word_1_143' title='bbox 471 1824 517 1854; x_wconf 81' lang='lat' dir='ltr'>erar</span> <span class='ocrx_word' id='word_1_144' title='bbox 525 1821 653 1866; x_wconf 84' lang='lat' dir='ltr'>cognoscere</span> <span class='ocrx_word' id='word_1_145' title='bbox 662 1817 780 1864; x_wconf 84' lang='lat' dir='ltr'>promtum</span> 
     </span>
     <span class='ocr_line' id='line_1_24' title="bbox 121 1887 778 1944; baseline -0.032 -5"><span class='ocrx_word' id='word_1_146' title='bbox 121 1896 192 1944; x_wconf 56' lang='lat' dir='ltr'>nude</span> <span class='ocrx_word' id='word_1_147' title='bbox 200 1891 237 1935; x_wconf 83' lang='lat' dir='ltr'>sed</span> <span class='ocrx_word' id='word_1_148' title='bbox 243 1890 317 1932; x_wconf 81' lang='lat' dir='ltr'>audita</span> <span class='ocrx_word' id='word_1_149' title='bbox 324 1888 375 1944; x_wconf 83' lang='lat' dir='ltr'>est):</span> <span class='ocrx_word' id='word_1_150' title='bbox 384 1905 395 1927; x_wconf 76' lang='lat' dir='ltr'>u</span> <span class='ocrx_word' id='word_1_151' title='bbox 402 1887 470 1944; x_wconf 84' lang='lat' dir='ltr'>Quid,</span> <span class='ocrx_word' id='word_1_152' title='bbox 477 1888 572 1940; x_wconf 75' lang='lat' dir='ltr'>Agenore</span> <span class='ocrx_word' id='word_1_153' title='bbox 580 1891 642 1933; x_wconf 87' lang='lat' dir='ltr'>nate,</span> <span class='ocrx_word' id='word_1_154' title='bbox 650 1891 778 1937; x_wconf 80' lang='lat' dir='ltr'>peremtum</span> 
     </span>
     <span class='ocr_line' id='line_1_25' title="bbox 123 1960 663 2024; baseline -0.031 -12"><span class='ocrx_word' id='word_1_155' title='bbox 123 1972 246 2024; x_wconf 87' lang='lat' dir='ltr'>Serpentem</span> <span class='ocrx_word' id='word_1_156' title='bbox 255 1967 348 2019; x_wconf 72' lang='lat' dir='ltr'>spectant</span> <span class='ocrx_word' id='word_1_157' title='bbox 357 1971 378 2004; x_wconf 89' lang='lat' dir='ltr'>et</span> <span class='ocrx_word' id='word_1_158' title='bbox 387 1971 411 2003; x_wconf 91' lang='lat' dir='ltr'>tu</span> <span class='ocrx_word' id='word_1_159' title='bbox 420 1960 542 2017; x_wconf 81' lang='lat' dir='ltr'>spectabere</span> <span class='ocrx_word' id='word_1_160' title='bbox 551 1968 644 2012; x_wconf 86' lang='lat' dir='ltr'>serpens.</span> <span class='ocrx_word' id='word_1_161' title='bbox 651 1972 663 1995; x_wconf 72' lang='grc' dir='ltr'>ι</span> 
     </span>
     <span class='ocr_line' id='line_1_26' title="bbox 123 2029 651 2095; baseline -0.03 -10"><span class='ocrx_word' id='word_1_162' title='bbox 123 2042 160 2085; x_wconf 90' lang='lat' dir='ltr'>Ille</span> <span class='ocrx_word' id='word_1_163' title='bbox 169 2042 208 2083; x_wconf 89' lang='lat' dir='ltr'>din</span> <span class='ocrx_word' id='word_1_164' title='bbox 217 2039 316 2095; x_wconf 81' lang='lat' dir='ltr'>pavidus,</span> <span class='ocrx_word' id='word_1_165' title='bbox 326 2035 405 2091; x_wconf 85' lang='lat' dir='ltr'>pariter</span> <span class='ocrx_word' id='word_1_166' title='bbox 414 2047 465 2076; x_wconf 88' lang='lat' dir='ltr'>cum</span> <span class='ocrx_word' id='word_1_167' title='bbox 476 2041 547 2074; x_wconf 85' lang='lat' dir='ltr'>mente</span> <span class='ocrx_word' id='word_1_168' title='bbox 556 2029 651 2072; x_wconf 87' lang='lat' dir='ltr'>colorem</span> 
     </span>
     <span class='ocr_line' id='line_1_27' title="bbox 124 2105 655 2168; baseline -0.024 -9"><span class='ocrx_word' id='word_1_169' title='bbox 124 2116 255 2163; x_wconf 82' lang='lat' dir='ltr'>Perdiderat,</span> <span class='ocrx_word' id='word_1_170' title='bbox 263 2110 374 2168; x_wconf 82' lang='lat' dir='ltr'>gelidoque</span> <span class='ocrx_word' id='word_1_171' title='bbox 383 2121 450 2151; x_wconf 76' lang='lat' dir='ltr'>coma</span> <span class='ocrx_word' id='word_1_172' title='bbox 461 2116 540 2159; x_wconf 81' lang='lat' dir='ltr'>terrore</span> <span class='ocrx_word' id='word_1_173' title='bbox 550 2105 655 2160; x_wconf 76' lang='lat' dir='ltr'>rigebant.</span> 
     </span>
    </p>
   </div>
   <div class='ocr_carea' id='block_1_5' title="bbox 0 0 858 2592">
    <p class='ocr_par' dir='ltr' id='par_1_9' title="bbox 0 0 858 2592">
     <span class='ocr_line' id='line_1_28' title="bbox 0 0 858 2592; baseline 0 0"><span class='ocrx_word' id='word_1_174' title='bbox 0 0 858 2592; x_wconf 95' lang='lat' dir='ltr'> </span> 
     </span>
    </p>
   </div>
  </div>
 </body>
</html>
