1667 2592
73 192 96 224 r.
108 142 176 233 788.¹
307 178 408 225 LIBER
424 178 483 222 vlt.
674 192 715 233 ²27

74 270 134 312 Dum
144 281 205 318 mea,
214 267 268 310 dum
277 267 355 325 digitos
363 268 457 312 amentis
466 267 540 310 indere
550 276 622 321 tento,

77 339 171 382 Lumina
181 338 268 389 deflexi;
279 349 419 397 revocataque
428 353 504 383 rursus
513 340 591 382 eodem

77 411 214 463 detuleram,
224 413 295 456 medie
305 412 400 469 (mirum
407 412 427 468 !)
436 413 481 454 duo
491 425 603 454 marmora
612 424 691 468 eampo

77 486 190 542 Adspieim
200 485 274 542 inqere
283 486 336 536 boe,
345 486 399 529 iilud
408 485 487 529 latrare
496 496 591 542 putares.

78 559 165 604 Scilicet
173 560 264 603 invictos
273 561 339 602 ambo
348 559 467 602 certamine
476 573 552 602 cursus

79 635 131 678 Esse
139 636 196 677 Deua
205 633 284 691 voluit,
293 634 312 676 si
321 634 369 690 quis
377 636 434 676 fleus
443 632 590 676 admittitis.»

110 710 231 752 Hactenus:
242 719 264 752 et
273 708 346 752 tacuit.
357 725 368 747 a
374 707 450 750 laculo
459 707 518 764 quod
527 707 611 750 crimen
620 707 643 749 in
651 705 710 763 ipso?

81 782 168 826 Pboeua
176 783 214 825 ait.
221 799 233 821 u
241 782 311 825 Jaeuli
320 781 350 824 sic
359 781 453 824 crimina
462 779 554 823 reddidit
563 779 605 821 ilie.

83 857 185 899 «Gaudia
194 856 325 913 principium
334 855 403 899 nostri
410 863 473 906 eunt,
483 854 563 905 Phene,
572 853 659 896 doloris.

81 928 121 971 Ilia
129 928 191 984 priua
199 928 299 972 referam.
308 930 385 980 Juvat,
394 929 419 970 o!
430 927 555 970 meminisse
566 926 623 969 beati

83 1002 207 1059 Temporis,
218 1001 312 1053 Recidit,
321 1015 366 1058 quo
375 1001 458 1058 primos
468 1001 508 1044 rite
516 1014 555 1057 per
563 1013 633 1044 annos

82 1075 182 1133 conjuge
191 1089 251 1119 eram
260 1075 321 1128 felix3
331 1075 382 1120 felix
391 1087 438 1119 erat
447 1075 484 1118 illa
493 1075 579 1118 marito.

84 1152 163 1196 Mutua
172 1164 225 1193 eure
233 1151 299 1202 duos,
308 1160 330 1193 et
338 1163 401 1193 amor
410 1149 494 1193 socialis
503 1149 603 1192 babebat.

86 1224 133 1266 Nec
140 1222 198 1264 laris
206 1221 244 1264 itta
252 1235 302 1264 meo
312 1221 419 1264 thalamos
430 1219 540 1277 preferret
548 1221 630 1271 amori;

2 1346 4 1351 y
86 1297 132 1339 Nec
143 1309 178 1338 me
187 1309 235 1351 quae
244 1303 340 1351 caperet,
349 1307 395 1337 non
404 1294 422 1336 si
432 1295 505 1335 Venus
515 1293 663 1349 ipsarummet,

90 1368 139 1412 Ulla
147 1379 205 1412 eret:
215 1368 307 1424 aquales
316 1367 409 1410 urebant
418 1375 506 1421 pectora
515 1366 616 1408 flamma.

91 1441 141 1486 Soie
150 1441 194 1484 fere
204 1441 267 1484 radiis
277 1440 366 1484 feriente
376 1439 491 1481 eacumina
500 1439 587 1495 primis,

93 1515 204 1557 Venatum
213 1513 236 1555 in
245 1512 309 1554 silvas
314 1510 443 1568 juveniliter
452 1510 483 1552 ire
492 1510 602 1552 solebam:

93 1587 141 1629 Nee
150 1599 237 1628 meeum
247 1583 353 1636 famulos,
364 1597 403 1626 nee
413 1597 491 1639 equos,
501 1597 540 1626 nec
550 1583 639 1627 naribus
648 1599 707 1629 aerea

92 1662 128 1704 lre
137 1672 212 1709 canes,
222 1671 260 1702 nee
269 1658 314 1701 lina
323 1657 383 1713 sequi
392 1657 474 1699 nodosa
483 1657 587 1700 sinebam.

53 1748 62 1767 ⁸
94 1737 166 1779 Tutus
175 1747 235 1776 eram
240 1731 323 1789 jaculo.
332 1733 372 1774 Sed
381 1745 452 1789 quum
461 1732 537 1775 satiata
546 1731 620 1775 ferinae

95 1810 186 1852 Dextera
196 1806 258 1850 cadis
267 1816 323 1858 erat3
333 1796 457 1863 repetebam
467 1805 535 1862 frigus
543 1816 565 1848 et
573 1807 674 1858 umbras,

96 1885 134 1934 Et,
144 1893 192 1938 quae
201 1881 228 1922 de
238 1879 311 1936 gelidis
320 1879 409 1922 ianiabat
417 1878 520 1928 vallibus,
529 1892 614 1920 auram.

97 1961 157 2003 Aura
166 1956 280 2013 petebatur
289 1955 362 1997 medio
371 1954 425 1996 mibi
435 1952 488 1996 ienis
496 1953 520 1994 in
528 1963 595 1994 astu:

97 2036 181 2078 duram
191 2029 341 2086 exspectabam
352 2043 356 2067 :
365 2029 449 2084 requies
458 2037 504 2070 erat
513 2026 550 2068 itta
558 2026 635 2069 labori.

98 2110 157 2151 dura
166 2105 282 2161 (recordor
291 2102 375 2159 enirn).
385 2104 470 2153 venias,
480 2111 567 2144 eantare
575 2101 684 2154 solebam

98 2182 178 2238 Meque
188 2177 259 2234 jures,
268 2177 377 2233 intresque
387 2176 458 2228 sinus,
469 2175 601 2231 gratissima,
610 2186 706 2231 nostem
