1667 2592
139 163 180 216 ²4⁸
293 176 626 241 METAMORPHOSEON
695 205 779 261 *39²¹

138 254 233 302 «Discite
243 259 342 312 femineis
350 274 403 327 quid
413 277 455 321 telo
464 281 533 326 virilia
542 298 656 345 prestent,

138 327 156 368 0
162 327 264 384 juvenes!
274 344 376 401 operique
386 363 436 394 meo
445 359 567 410 concedite,
576 362 639 407 dixit.

136 399 185 455 lpsn
194 407 239 448 suis
248 408 298 455 iicet
306 415 365 461 hunc
374 423 463 468 Latonia
472 440 571 488 protegor
580 438 660 490 nemim

137 473 200 520 Hunc
210 490 282 528 tamen
291 488 359 536 invita
368 497 460 551 perimet
469 515 518 545 men
527 506 708 555 dextralium.»

166 551 225 595 'satia
235 561 375 620 magniloquo
384 572 483 616 tumidus
491 589 653 627 memoraverat
661 598 711 637 ore;

135 621 300 688 Ancipitemque
310 651 379 684 manu
388 644 468 690 tollens
475 659 567 708 utraque
576 658 685 712 securim,

136 699 246 769 institeret
254 709 336 765 digitis,
345 716 428 771 primos
437 736 553 779 suspensus
560 728 586 784 iu¹
594 741 662 775 artus.

137 774 234 832 Occupat
242 783 359 839 audacem,
369 804 456 848 qunque
465 807 496 839 est
506 799 540 840 vin
549 802 649 856 proxima
659 804 717 859 leto,

136 848 228 894 Summo
238 853 297 900 ferus
306 863 403 915 geminos
412 867 490 912 direxit
499 873 522 914 in
531 874 621 932 inguina
630 878 717 924 dentes.

136 925 235 972 Concidit
244 932 346 978 uncinus:
355 937 517 1001 glomerataque
525 951 715 1006 sauguinemulto

136 999 223 1045 Viscera
233 1002 292 1060 lapsa
301 1008 385 1065 fluunt,
394 1017 560 1078 madefactaque
571 1032 627 1068 terra
636 1042 718 1073 cruore
728 1042 766 1075 cst.

136 1075 185 1118 Ibat
194 1076 216 1119 in
226 1080 353 1138 adversum,
362 1089 433 1143 proles
444 1093 532 1148 ixionis,
541 1098 627 1143 hostem

134 1147 254 1205 Pirithous,
264 1154 333 1200 valida
343 1161 442 1215 quatiens
451 1169 559 1212 venabula
567 1173 649 1216 dextro.

135 1223 175 1266 Gui
185 1227 272 1280 procul,
281 1231 374 1287 AEflideu
385 1238 420 1280 «0
429 1252 466 1281 me
475 1242 530 1284 mihi
539 1245 721 1306 cnrioninquiu,

135 1299 186 1341 Pars
195 1301 284 1356 anime,
294 1308 397 1364 consiste,
407 1327 474 1357 mee:
484 1317 534 1362 iicet
542 1321 628 1365 eminus
638 1337 685 1368 esse

135 1373 236 1419 Fortibus
245 1395 250 1420 :
259 1382 336 1426 Ancoeo
345 1387 422 1431 nocuit
432 1394 545 1437 temeraria
554 1396 629 1440 virtus·
636 1417 649 1437 u

134 1450 203 1494 Dixit:
214 1463 235 1496 et
243 1466 307 1500 urata
318 1461 381 1504 torsit
388 1477 452 1519 greve
461 1470 549 1525 cuspide
558 1486 652 1525 cornum
661 1492 667 1516 ι

135 1522 184 1577 Quo
194 1524 249 1568 bene
259 1527 349 1581 librato,
359 1535 447 1592 votique
456 1549 544 1594 potente
553 1543 640 1598 tuturo,

135 1596 222 1641 Obstitit
231 1602 315 1646 esculea
325 1605 441 1653 frondosus
450 1614 478 1656 ab
487 1616 565 1660 arbore
574 1633 657 1663 ramus.

135 1670 195 1714 Misit
203 1682 225 1716 et
233 1677 341 1722 Esonides
346 1681 461 1737 jaculum:
472 1691 531 1744 quod
541 1705 603 1735 casus
612 1695 640 1737 ab
650 1695 695 1739 iiio

134 1745 207 1788 Vertit
215 1747 240 1790 iu
247 1749 351 1797 immeriti
361 1755 433 1802 fetum
442 1761 551 1817 latrantis,
561 1777 594 1818 et,
603 1768 661 1811 iuter

133 1820 172 1864 ltia
182 1823 317 1880 conjectum,
328 1830 404 1875 tellure
413 1848 452 1891 per
462 1837 498 1880 iiia
507 1838 576 1883 fixum
586 1853 624 1885 est.

133 1900 162 1939 At
171 1911 249 1942 manus
259 1902 345 1947 OEnidae
353 1907 433 1960 variat3
444 1911 556 1968 missisque
565 1916 664 1969 duabuS,

133 1971 199 2014 Hosto
207 1973 268 2028 prior
277 1985 344 2029 terra,
355 1980 428 2023 medio
437 1985 496 2027 stetit
504 1985 572 2029 altera
581 1998 647 2044 tergo.

132 2045 179 2087 Nec
188 2060 263 2091 mora:
273 2051 327 2094 dum
337 2054 406 2107 saevit,
416 2058 470 2100 dum
478 2073 570 2116 corpora
579 2074 649 2107 versat
658 2065 681 2108 in
691 2058 782 2121 orbem,

133 2120 307 2180 stridentemque
317 2141 373 2171 novo
383 2145 486 2187 spumam
495 2149 547 2178 cum
557 2139 662 2193 sanguine
671 2139 761 2195 tundit,

133 2191 234 2238 Vulneris
244 2208 321 2242 auctor
328 2202 400 2258 adest,
410 2205 539 2265 hostemque
548 2210 620 2255 irritet
628 2213 656 2255 od
665 2213 725 2256 irarn
731 2232 739 2267 5
