1667 2592
81 208 151 259 nlly.
324 204 424 246 LIBER
442 204 485 246 1v.
682 216 722 257 ¹07

80 299 114 339 ln
125 294 194 351 magn
203 304 229 337 ut
237 293 316 337 sumtis
324 293 382 336 illius
393 293 438 336 filiu
447 293 523 349 pennis

80 371 196 412 Extremus
204 367 258 410 albis
268 367 290 409 in
302 367 398 409 turribus
407 367 474 423 egerit
483 378 564 409 annosi

81 443 136 485 Nais
145 456 174 485 an
184 452 210 485 ut
218 451 296 494 cantu,
305 441 444 497 nimiumque
452 442 578 506 potentibus
587 440 670 494 herbis,
732 433 735 437 ’

82 516 178 559 Venerit
187 516 210 558 in
221 516 296 559 taeitos
302 515 407 572 juvenilia
417 529 508 572 corpora
518 516 598 572 pisces;

81 592 155 632 Donec
164 591 223 632 idem
232 603 295 646 passa
303 599 347 632 est:
357 603 396 639 an,
408 603 456 645 que
466 603 532 645 poma
541 589 590 632 alba
599 588 693 640 ferebat,

82 666 110 706 Ut
120 677 180 706 nune
189 664 250 719 nigra
261 661 316 706 ferat
324 673 427 706 contactu
436 664 546 719 sanguinis
556 664 627 705 arbor.

83 739 131 780 llaee
141 737 225 794 placet:
235 738 302 786 hene,
311 737 417 793 queniam
428 736 521 792 vulgaris
530 736 604 779 fabula
614 745 711 788 nonest,

81 811 172 855 'salibus
181 824 231 853 orsa
240 811 322 863 modis,
332 810 381 853 lane
391 824 431 853 sua
440 809 477 853 fila
486 820 595 866 sequente.

112 962 148 1003 ΠΙ,
156 977 167 999 α
174 961 278 1002 Prnuus
286 968 307 1002 et
314 959 403 1011 Thisbe,
407 959 517 1016 juvenum
524 958 684 1016 pulcherrimus
691 957 751 1010 alter,

84 1033 166 1082 Altera,
176 1047 230 1089 ques
239 1033 313 1075 Oriens
323 1032 410 1080 habuit,
421 1032 507 1088 prelata
516 1033 604 1089 puellis,

84 1108 203 1165 Contiguus
213 1118 300 1150 tenuere
310 1109 398 1159 domos,
408 1107 447 1150 ubi
456 1107 536 1151 dieitur
545 1107 612 1151 altam

83 1181 202 1225 Coctilibus
212 1182 281 1224 muris
291 1181 380 1224 cinxisse
389 1181 514 1224 Semiramis
524 1182 609 1224 urbem.

84 1255 192 1299 Notitiam
202 1255 327 1311 primosque
336 1256 414 1311 gradus
424 1254 502 1297 vicinia
512 1255 573 1306 fecit;

84 1332 191 1387 Tempore
201 1331 267 1373 crevit
276 1344 351 1373 umor:
362 1330 421 1373 tede
432 1343 519 1385 quoque
525 1328 576 1384 jure
585 1328 689 1381 coissen15

84 1406 126 1447 Sed
136 1414 221 1447 vetuere
231 1414 308 1461 patres.
318 1406 382 1460 Quod
392 1417 436 1445 non
445 1412 536 1459 potuere
545 1413 627 1456 vetare,

84 1480 114 1522 Ex
123 1492 186 1535 aequo
194 1479 262 1535 captis
271 1479 376 1520 ardebant
386 1476 496 1520 mentibus
505 1478 578 1520 ambo.

82 1551 186 1596 Conscius
196 1552 267 1594 omnis
276 1552 350 1594 abest:
360 1559 416 1593 nutu
426 1550 534 1606 signisque
543 1550 670 1605 loquuntur.

83 1629 175 1684 Quoque
184 1625 253 1681 magis
264 1625 352 1681 tegitur,
362 1634 431 1667 tectus
441 1624 509 1681 magis
517 1634 594 1668 estuat
603 1624 665 1681 ignis.

85 1701 154 1743 Fissus
163 1709 209 1742 emt
218 1699 278 1742 tenui
288 1699 355 1749 rima,
364 1712 432 1755 quam
442 1700 532 1742 duxerat
541 1686 604 1751 olim,

84 1776 158 1830 Quum
168 1773 240 1823 lieret,
251 1773 320 1830 paries
329 1773 405 1815 domui
415 1773 539 1815 communis
549 1774 642 1830 utrique.

84 1849 108 1890 ld
119 1847 196 1891 vitium
207 1847 260 1890 nulli
270 1860 309 1903 per
316 1847 388 1890 secula
396 1846 462 1904 longa
471 1858 583 1899 notatum,

86 1923 156 1977 (Quid
165 1935 210 1964 non
219 1922 285 1965 sentit
294 1922 382 1978 amori)
392 1922 458 1979 primi
466 1922 561 1965 sensistis
569 1932 679 1975 amantes,

84 1999 110 2039 Et
119 1996 176 2039 vocis
186 1995 264 2040 lecistis
273 1996 326 2040 iter:
337 2007 432 2052 tuteque
440 2010 479 2053 per
487 1996 542 2039 illud

87 2072 198 2112 Murmure
210 2069 320 2113 blanditie
329 2071 423 2113 minimo
433 2070 523 2113 transire
532 2069 636 2112 solebant.

86 2146 154 2199 sepe.
164 2154 190 2186 ut
198 2144 350 2196 constiterant,
360 2144 412 2186 hine
421 2143 511 2191 Thisbe,
519 2145 623 2198 Pyramus
633 2140 703 2191 illine,

84 2219 150 2273 Inque
159 2218 229 2260 vicem
238 2216 310 2261 iuerat
318 2225 417 2273 captatus
426 2214 534 2258 anhelitus
543 2213 606 2283 orisp

631 2289 653 2327 ll.
