1667 2592
97 168 136 209 172
246 157 575 201 unriuonruosnou
648 174 669 203 ν.
685 164 733 205 126.

93 247 121 287 Ut
130 246 235 288 Saturnus
244 261 300 302 equo
310 247 423 303 geminum
432 247 527 290 Chirona
536 248 619 291 crearit.

93 320 174 363 Ultima
184 336 232 377 pars
243 322 299 372 reim,
310 324 369 365 tenui
379 323 514 365 circumdata
524 323 604 375 limbo,

93 393 205 436 Nexililtus
215 394 277 437 liores
286 394 370 437 hederis
379 395 445 437 habet
454 395 586 438 intertextos.

122 541 157 581 lV.
171 542 220 584 Non
229 540 283 584 illud
291 542 369 590 Pallas,
380 556 425 584 non
435 541 489 584 illud
498 556 585 598 carpere
595 542 659 585 Livor

93 614 161 656 Possit
169 616 313 670 opusalloluit
322 631 422 659 successu
432 617 487 659 llam
496 618 580 674 virago;

93 689 119 731 Et
129 688 187 744 rupit
195 690 274 744 pictas,
284 690 376 733 coelestia
385 691 490 741 erimina,
500 700 575 733 vestes.

93 765 163 819 thue
172 765 283 820 Cytoriaco
293 765 378 808 radium
388 767 414 807 de
425 775 499 808 monte
510 767 607 817 tenebat,

93 838 134 879 Ter
142 847 219 893 qnater
228 840 331 881 ldmonin
341 839 436 883 frontem
446 840 550 896 percussit
559 840 673 883 Arachnes.

93 910 143 951 Non
155 909 204 952 tulit
212 910 297 959 infelix,
307 910 428 966 laqueoque
438 912 537 955 animosa
546 912 619 969 ligavit

93 983 198 1024 Guttura:
208 983 337 1038 pendentem
348 985 414 1026 Pallas
425 985 526 1029 miserata
536 986 623 1038 levavit3

92 1057 160 1111 Atque
169 1056 209 1105 ita,
218 1074 229 1095 u
238 1057 289 1099 Vive
295 1057 394 1112 quidem,
402 1059 472 1113 pende
480 1070 565 1110 tamen,
573 1059 686 1116 improba,
694 1061 762 1106 dixit:

93 1131 177 1184 terque
186 1129 261 1171 eadem
272 1144 350 1186 poenoe,
359 1144 387 1172 ne
396 1131 424 1173 sis
435 1145 509 1175 secura
519 1131 601 1182 futuri,

91 1204 151 1246 Dicta
161 1213 198 1246 tuo
208 1204 291 1259 generi,
300 1204 394 1261 serisque
403 1205 520 1262 nepotibus
530 1216 581 1249 esto.
589 1222 600 1246 o

92 1279 141 1320 Post
150 1292 175 1320 ea
184 1278 294 1320 discedens
302 1280 371 1322 suecis
382 1281 505 1324 Hecateidos
514 1281 586 1323 herbae

92 1350 188 1406 Spargit:
197 1360 218 1394 et
227 1351 334 1408 extemplo
345 1352 400 1395 tristi
411 1353 555 1396 medicamine
565 1362 627 1396 tantm

91 1425 202 1467 Delluxere
212 1439 290 1478 comae,
300 1440 393 1482 cumque
403 1426 438 1468 hie
447 1437 468 1469 et
477 1427 535 1469 naris
544 1437 565 1469 ct
574 1426 644 1478 auris;

92 1499 168 1554 Fitque
176 1509 241 1555 caput
251 1501 381 1549 minimum.
392 1510 481 1557 totoque
490 1501 513 1543 in
523 1514 612 1557 corpore
621 1515 689 1558 parva
698 1514 739 1549 est.

90 1572 116 1613 ln
126 1570 192 1613 latere
201 1571 264 1614 exiles
273 1572 334 1628 digiti
344 1587 384 1629 pro
394 1574 495 1616 cruribus
504 1574 592 1617 laterent.

92 1646 167 1688 Cetera
176 1653 249 1687 venter
258 1645 337 1689 habet:
347 1647 427 1702 dequo
438 1657 511 1691 tamon
521 1647 558 1690 illa
568 1647 659 1692 remittit

91 1719 191 1769 stamen,
201 1726 223 1760 et
232 1718 331 1773 antiquas
340 1730 425 1763 exercet
433 1733 512 1766 aranea
522 1720 580 1763 telas.

121 1866 148 1906 V.
160 1866 228 1908 Liuii
238 1874 282 1908 tota
292 1865 376 1919 fremit3
385 1868 523 1925 Phrygiaque
532 1882 571 1924 per
580 1868 659 1925 oppida
669 1868 723 1913 iacti

92 1940 176 1981 Rumor
184 1939 212 1991 it,
221 1949 243 1982 et
252 1953 357 1996 magnum
367 1942 504 1983 sermonibus
513 1952 605 1999 occupat
613 1943 697 1987 orbem.

92 2012 147 2053 Ante
156 2025 206 2053 suos
216 2011 285 2054 Niobe
294 2012 401 2056 thalamos
411 2024 541 2070 cognoverat
550 2015 620 2067 illam,

93 2085 150 2126 Tum
160 2098 230 2140 quum
239 2085 353 2129 neoniam
363 2086 434 2143 timo,
443 2087 585 2145 Sipylumque
594 2087 693 2147 colebat:

92 2158 138 2199 Nec
148 2167 221 2200 tamen
230 2158 342 2203 admonita
351 2169 383 2204 est
391 2174 455 2218 poena
463 2161 574 2218 popularia
582 2162 704 2218 Arachnes,
774 2158 778 2165 ‘
