1667 2592
82 180 169 223 modi.
326 177 425 221 trinu
443 177 486 220 Vl.
687 179 727 234 ¹9³

84 270 211 327 Dilectaque
219 269 258 312 diu
267 268 338 312 carnit
346 271 402 312 Deus
411 269 520 326 Orithyia,

84 345 145 395 llum
155 352 227 398 rogat,
236 351 259 385 et
267 342 367 397 precibus
377 341 473 391 mavult.
482 354 550 398 quem
559 341 652 393 viribus,
662 343 702 386 uti.

85 416 125 458 Ast
135 415 173 457 ubi
183 414 292 457 blanditiis
302 414 373 471 agitur
382 413 448 464 nihil,
458 414 559 457 horridus
567 414 611 466 ira,

86 490 143 545 Quae
151 487 213 532 solita
222 498 254 531 est
263 488 306 540 illi,
315 487 454 543 nimiumque
464 488 594 539 domesticu,
604 497 679 539 vento;

88 579 101 602 s
108 563 135 605 Et
145 562 234 613 merito,
243 561 309 605 dixit:
319 562 372 618 quid
383 562 442 604 enim
452 575 501 604 mea
511 560 553 604 tela
562 561 650 618 reliqui,

87 635 208 687 sennam,
218 644 239 678 et
248 636 313 688 vires,
323 636 433 691 iramque,
443 635 570 692 animosque
579 635 687 678 minaces!

87 707 224 764 Admovique
233 722 317 764 preces,
327 721 423 763 querum
433 722 468 751 me
477 709 566 751 dedecet
574 713 639 751 usust

87 782 145 838 apta
155 781 209 824 milri
218 782 249 825 vis
259 791 296 826 est.
308 782 333 823 Vi
343 781 412 837 tristiq
421 781 497 824 nubila
506 780 576 838 pello:

89 855 117 897 Vi
127 853 184 898 freta
192 855 305 906 concutio,
314 856 440 910 nodosaque
449 856 527 898 roboro
537 864 608 907 verto,

88 929 216 984 Indumque
225 928 294 980 nives,
304 939 326 972 et
336 938 402 972 terras
411 928 515 985 grandine
524 928 594 985 pulso.

89 1002 153 1045 Idem
163 1015 213 1057 ego.
223 1016 293 1057 quum
303 1000 380 1046 fratres
389 1002 443 1046 coslo
453 1016 503 1046 sum
512 1012 590 1047 nectus
599 1014 674 1060 aperto

90 1077 164 1134 (Nam
175 1076 229 1119 milri
238 1090 329 1133 campus
338 1077 356 1120 is
368 1077 426 1134 est),
437 1087 498 1122 tanto
507 1077 621 1121 molimine
630 1077 713 1130 luctor,

90 1154 120 1195 Ut
130 1151 214 1195 medius
223 1152 303 1195 nostris
312 1154 454 1195 concursibus
463 1153 548 1196 intonet
556 1153 634 1204 ether,

88 1224 236 1281 Emiliantque
245 1225 302 1268 cavis
311 1223 356 1267 elisi
366 1225 462 1268 nubibus
471 1225 537 1280 ignes.

90 1300 155 1343 ldem
164 1311 214 1354 ego,
223 1312 294 1355 quum
304 1298 361 1341 subii
370 1311 466 1341 convexa
474 1298 583 1341 foramine
593 1308 664 1351 terrie,

90 1372 245 1428 Supposuiqne
254 1372 314 1415 ferox
323 1372 374 1414 imis
383 1386 433 1414 mea
442 1382 501 1428 terqa
510 1372 617 1423 cavernis,

91 1444 189 1489 Sollicito
199 1458 286 1497 manes,
296 1454 411 1500 totumque
421 1444 553 1487 tremoribus
562 1445 645 1488 orbem.

92 1522 139 1564 Hac
148 1533 190 1575 ope
198 1520 316 1562 debueram
327 1517 434 1562 thalamos
443 1518 538 1575 petiisse;
549 1533 651 1574 socerque

91 1597 145 1638 Non
154 1595 315 1645 standumst,
324 1594 362 1636 sed
371 1593 391 1636 vi
401 1593 524 1645 faciendus,
533 1594 689 1638 Erechtheus.»

124 1669 172 1709 llaec
182 1668 267 1718 Boreas,
276 1675 316 1709 ant
324 1666 358 1710 his
368 1679 413 1709 non
425 1666 529 1710 inferiora
537 1667 635 1721 locutus,

93 1742 192 1788 Excussit
201 1755 292 1798 pennam
302 1754 397 1796 querum
403 1740 523 1797 jactatibus
533 1741 605 1786 omnis

92 1814 180 1861 addan
188 1825 220 1858 est
230 1813 303 1863 tellus,
312 1814 427 1869 latumque
435 1815 559 1872 perhorruit
568 1829 649 1871 equor.

94 1889 264 1944 Pulvereamque
273 1888 360 1931 trahens
369 1902 408 1945 per
415 1902 504 1931 summa
513 1889 628 1932 cacumina
636 1888 729 1945 pallam,

93 1963 170 2007 Vertit
178 1962 286 2013 humum,
295 1962 439 2018 pavidamque
449 1972 510 2005 metu
519 1961 609 2018 caligine
618 1971 687 2005 tectus

94 2035 211 2092 Orithyian
220 2048 297 2078 amans
306 2034 371 2078 fidus
380 2035 520 2091 amplectitur
528 2034 573 2077 alis.

126 2113 182 2154 llum
193 2111 262 2161 volat,
272 2120 371 2154 arserunt
379 2110 453 2166 agitati
463 2109 540 2153 fortius
548 2109 613 2165 ignes.

95 2185 144 2230 Nec
152 2184 213 2242 prins
222 2183 275 2228 aerii
284 2196 360 2227 cursus
368 2182 488 2241 suppressit
496 2180 604 2232 haberes,
