1667 2592
61 188 133 243 ηρ.
297 190 397 232 tissa
414 190 474 232 vir.
664 202 705 245 ¹99

60 278 92 320 Te
101 277 150 321 face
159 278 242 323 solenni
248 279 328 337 junget
337 282 389 335 sibi;
399 295 481 337 perque
489 279 585 337 Pelasgas

61 353 171 397 servatrix
181 355 246 398 urbes
255 366 351 399 matrum
362 357 498 399 celebrabere
509 357 580 400 turba.

94 444 106 466 ιι
113 429 168 484 Ergo
172 442 212 485 ego
217 443 351 486 germanam,
357 429 498 486 fratremque,
503 440 637 487 patremque,
643 429 746 483 Deosque,

61 504 90 546 Et
99 501 171 545 natale
179 503 264 551 scium,
274 503 436 555 venustabitur,
447 503 581 559 relinquamt

62 576 150 630 Nempe
159 585 307 631 pateremus,
316 589 395 632 nempe
404 585 437 618 est
446 589 495 618 mea
504 577 597 619 barbara
607 576 682 627 sellus.

62 651 140 692 Frater
148 649 219 691 adbuc
228 648 314 692 infans:
324 659 382 693 stant
393 663 480 692 mecum
491 659 540 693 vote
549 639 635 693 sororis.
689 678 692 683 <

62 721 173 765 Maximus
182 720 239 765 intra
250 737 285 765 me
293 723 347 766 deus
355 732 394 766 est.
405 725 455 765 Non
465 737 545 779 magna
555 723 690 779 relinquentis

62 799 143 852 Magna
152 810 242 852 sequar:
253 796 343 840 titulum
353 808 441 840 servatae
450 796 515 853 pubis
524 796 621 848 debitae,

61 869 214 926 Notitiemque
224 869 265 912 loci
275 869 381 920 melioris,
392 880 413 913 et
423 870 513 927 oppida,
522 883 619 926 quorum

63 945 102 987 iiie
111 958 199 1001 quoque
209 943 268 987 fama
278 946 344 1002 viget,
354 945 481 1002 cultusque,
491 955 591 1001 artesque
599 945 712 988 virorum:

62 1018 179 1072 Quemque
188 1031 227 1073 ego
237 1031 288 1060 cum
299 1018 374 1069 rebus,
384 1033 439 1075 quas
449 1029 507 1063 totus
517 1018 612 1076 possidet
620 1019 691 1071 orbis,

61 1089 178 1133 AEsoniden
188 1100 283 1132 mutasse
293 1091 370 1133 velim:
380 1106 426 1148 quo
434 1092 527 1149 conjuge
537 1091 598 1144 felix,

60 1163 134 1206 Eritis
142 1175 191 1205 cara
201 1162 264 1214 terat,
273 1174 295 1207 et
304 1166 382 1207 vertice
391 1165 462 1208 sidera
471 1175 566 1222 tangam.

60 1237 133 1294 Quid.
142 1238 201 1293 quod
210 1238 283 1281 nescio
292 1239 330 1295 qui
340 1240 417 1282 mediis
426 1254 554 1284 concurrere
563 1240 586 1282 in
596 1240 661 1284 undis
690 1266 694 1273 ·

60 1311 170 1354 Dicuntur
179 1323 275 1364 montes,
286 1313 412 1369 ratibusque
421 1313 510 1357 inimica
518 1313 650 1370 Charybdis,

60 1388 129 1429 Nune
138 1386 224 1428 sorbere
235 1385 328 1435 fretum,
337 1400 397 1429 nune
407 1386 507 1436 reddere;
517 1387 631 1442 cinctaque
639 1386 700 1429 savis

60 1458 133 1516 Scylla
142 1472 208 1515 rapax
217 1460 308 1503 canibus
317 1459 389 1502 Sicrdo
397 1460 477 1503 latrare
487 1459 609 1516 profundet

60 1534 148 1588 Nempe
158 1542 232 1576 tenens
240 1534 300 1589 quod
308 1547 372 1585 ame,
381 1533 507 1590 gremioque
516 1533 538 1575 in
548 1533 629 1576 Iasonis
638 1534 732 1587 herent,

59 1607 102 1649 Per
110 1605 167 1649 freta
175 1606 240 1663 ionga
249 1608 329 1651 trahar.
338 1607 398 1650 Nihil
407 1607 471 1650 iilum
481 1608 580 1664 amplexa
589 1609 692 1652 verebor:

60 1683 118 1729 Aut,
127 1681 145 1723 si
154 1681 207 1737 quid
217 1690 327 1732 metuam,
338 1692 436 1725 metuam
446 1682 473 1725 de
482 1681 575 1739 conjuge
584 1681 638 1725 scio.
647 1712 674 1726 ...

58 1752 224 1810 eonjupumne
233 1768 307 1805 vocas,
317 1755 456 1812 speciosaque
465 1755 555 1798 uomina
563 1755 633 1812 culpe

57 1828 170 1886 Imperiis,
180 1829 265 1879 Medea.
275 1835 329 1872 tuaet
338 1830 391 1887 quin
401 1830 497 1887 adspice.
507 1840 617 1887 quantum

58 1903 191 1961 Adgrediare
200 1903 271 1955 uefas3
281 1915 314 1955 et,
323 1906 378 1948 dum
387 1903 447 1951 iicet,
458 1904 531 1961 effuge
540 1904 648 1947 crimen.»

89 1978 160 2021 Dixit:
170 1989 191 2022 et
200 1990 251 2022 ante
260 1979 334 2023 oeulos
343 1991 428 2023 rectum
435 2014 441 2033 ‚
449 1980 571 2037 pietasque.
581 1980 696 2036 pudorque

57 2052 217 2100 Constiterant:
227 2062 249 2095 et
258 2053 314 2096 victa
323 2053 389 2096 dabat
394 2052 444 2109 jam
455 2062 514 2108 terga
522 2051 614 2107 Cupido.

88 2125 138 2168 {bat
146 2125 174 2167 ad
184 2125 285 2182 antiquas
294 2127 382 2169 Hecates
390 2124 500 2168 Perseidos
509 2133 570 2166 uras:

55 2198 118 2259 Quas
126 2211 205 2243 nemus
215 2200 357 2253 umbrosum,
367 2206 492 2254 secretaque
501 2196 555 2241 silva
564 2197 671 2254 tegebant
