1667 2592
130 213 157 254 ‚a
281 196 613 246 nastnoneuosaou
686 196 779 250 ens.

129 301 162 343 Sic
171 301 227 342 Deus
236 295 259 338 in
268 294 369 337 flammas
379 290 445 333 abiit:
454 287 484 331 sic
494 297 581 343 pectore
591 295 639 328 toto

129 373 210 423 Uritur,
219 379 241 413 et
250 366 346 425 sterilem
355 363 461 420 sperando
471 359 540 403 nutrit
549 370 656 400 amorem.

129 449 215 503 Spectat
224 444 336 485 inornatos
345 437 400 480 collo
409 436 503 491 pendere
512 431 611 488 capillos:

129 522 165 571 Et,
176 535 187 557 o
194 516 263 576 Quidl
272 514 290 556 si
299 513 446 555 comanturto
456 507 493 549 ait.
503 506 567 548 Videt
576 504 626 560 igne
635 503 757 554 micantes,

129 591 238 636 Sideribus
247 585 339 635 similes,
350 581 437 626 oculos:
448 580 506 622 videt
515 577 600 629 oseula;
609 590 658 633 quae
667 590 714 619 non

129 670 167 710 Est
176 665 252 708 vidisse
262 661 313 704 satis
322 675 327 699 ι
336 658 411 701 laudat
420 654 553 710 digitosque,
563 665 698 706 manusque,

80 728 82 734 λ
130 738 273 792 Brachiaque,
283 743 305 777 et
313 731 384 775 nudos
393 727 466 770 media
474 726 523 783 plus
533 734 594 781 porte
602 724 702 767 lacertos.

130 815 151 857 Si
160 827 204 870 qna
213 812 292 858 latent,
301 806 392 849 meliora
401 811 471 859 putat
480 800 612 856 Fugit'ooior
621 812 677 841 eure

129 886 170 930 llla
178 885 229 934 levi,
239 894 309 937 neque
318 880 347 922 ed
355 877 400 920 haec
410 873 530 917 revocantis
539 872 605 915 verba
613 870 707 914 resistit:

161 977 173 1000 o
179 956 293 1015 Nympha,
301 965 387 1011 precor,
395 949 469 1000 Penei,
477 961 542 990 mane
550 962 556 987 t
563 960 609 989 nou
615 946 723 1002 insequor
729 946 810 990 hostis.

131 1030 245 1090 Nympha,
255 1039 327 1069 mane.
336 1024 370 1067 Sic
379 1035 436 1080 agna
443 1021 534 1077 lupum,
543 1020 573 1062 sic
583 1032 647 1062 cerva
655 1018 760 1072 leonem,

130 1109 163 1152 Sic
174 1104 269 1161 aquilam
279 1114 351 1159 penne
359 1099 449 1154 lugiunt
457 1090 577 1152 trepidante
586 1093 707 1146 columban

132 1185 207 1226 llostes
216 1189 306 1233 queque
315 1187 373 1216 suos.
382 1176 449 1214 Amor
458 1180 491 1213 est
500 1169 555 1211 milii
564 1181 629 1210 causa
639 1169 759 1224 sequendi.

131 1258 166 1300 Me
176 1250 292 1296 miserum!
302 1262 330 1290 ne
338 1258 407 1303 prona
417 1244 492 1294 cados,
502 1243 616 1298 indignave
625 1240 676 1296 ledi

130 1332 200 1374 Crura
209 1334 281 1369 secent
289 1331 372 1371 sentes,
381 1327 403 1361 et
411 1317 454 1359 sim
463 1315 503 1358 tibi
512 1330 576 1358 cause
585 1314 678 1358 doloris!

131 1407 222 1459 Aspera,
231 1412 275 1456 qua
284 1407 396 1453 properas,
406 1391 454 1434 loca
463 1399 525 1433 sunt:
535 1389 682 1440 moderatius,
692 1403 750 1444 oro,

131 1473 210 1525 Curre,
220 1472 339 1528 fugamque
347 1466 422 1509 inhibe
430 1478 435 1502 :
446 1464 579 1506 moderatius
587 1462 692 1516 insequar
700 1463 760 1520 ipse.

132 1549 173 1593 Cui
182 1547 277 1604 placeas,
287 1541 371 1597 inquire
382 1549 462 1580 tamen.
472 1538 522 1578 Non
532 1535 602 1578 incola
611 1537 708 1589 montis,

131 1625 182 1666 Non
191 1632 230 1675 ego
239 1630 290 1660 sum
298 1625 384 1672 pastor:
394 1624 440 1654 non
449 1610 484 1652 hic
494 1620 603 1657 armenta,
614 1610 718 1665 gregosve

129 1696 235 1744 Horridus
244 1694 333 1735 observo
342 1707 347 1731 :
357 1687 438 1738 nescis,
448 1686 573 1735 temeraria,
583 1685 653 1728 nescis

129 1775 201 1831 Quem
212 1768 282 1823 fugias
290 1780 295 1805 :
304 1765 396 1820 ideoque
405 1761 470 1817 fugis.
480 1762 532 1803 illibi
542 1760 642 1816 Delphica
653 1759 733 1814 tellus,

129 1851 155 1892 Et
164 1845 250 1892 Claros,
259 1851 280 1882 et
289 1838 396 1886 Tenedos,
407 1838 542 1890 Patareaque
552 1834 609 1890 regia
618 1834 691 1876 servit.

129 1922 214 1980 Jupiter
224 1926 256 1959 est
265 1914 355 1971 genitor.
364 1915 403 1955 Pet
412 1926 459 1959 me,
469 1912 529 1967 quod
539 1911 635 1965 eritque,
645 1907 749 1964 fuitque,

130 2001 220 2049 Estque,
231 1998 302 2047 putet:
313 1999 351 2043 per
360 2000 396 2028 me
405 1986 539 2028 concordant
547 1983 645 2026 carmina
654 1985 738 2026 nervis.

128 2074 190 2114 Certa
199 2065 288 2122 quidem
298 2068 372 2101 nostra
380 2069 425 2101 est:
435 2069 509 2101 nostra
520 2068 592 2099 tamen
603 2068 648 2098 una
656 2055 742 2110 sagitta

128 2143 217 2188 Certior,
226 2139 249 2180 in
260 2146 328 2177 vacuo
337 2145 385 2186 quae
396 2131 485 2173 uulnera
495 2139 582 2186 pectore
591 2128 649 2170 lecit.

127 2215 244 2258 inventum
253 2204 362 2253 medicina
371 2217 448 2248 meum
457 2214 500 2257 est5
510 2202 626 2260 Opilerque
635 2213 674 2257 per
683 2203 772 2249 orbem
