1667 2592
147 187 667 264 METAMORPHOSEON

215 392 357 452 menn
380 391 598 468 Qornrns

116 725 132 765 1.
141 723 239 772 Duuoua
249 735 274 764 ea
282 721 408 777 Cephenum
418 720 492 762 medio
500 719 605 763 Danaeius
613 718 678 762 heroe

86 795 179 852 Agmine
188 804 359 849 commemorat,
370 793 460 836 fremitu
471 791 549 849 regalia
559 793 626 836 turbe

87 867 146 910 Atria
156 865 307 922 complentur:
317 878 356 908 nec
365 864 496 921 conjugialia
502 863 559 911 festa

87 941 129 999 Qui
139 950 216 992 canat,
225 950 257 983 est
266 939 359 995 clamor;
369 941 405 983 sed
415 941 453 996 qui
464 922 509 982 feri
518 938 604 983 nuntiet
611 953 686 982 arma:

86 1017 155 1069 inque
164 1013 288 1068 repentinos
296 1008 393 1055 convivia
403 1026 463 1055 versa
473 1011 587 1055 tumultus.

86 1085 214 1130 Adsimilare
223 1084 278 1128 freto
288 1087 366 1142 possis,
375 1087 435 1142 quod
444 1099 498 1128 saera
507 1086 607 1142 quietum

86 1161 208 1203 Ventorum
219 1159 288 1201 rabies
297 1158 361 1201 motis
370 1155 480 1214 exasperat
490 1158 559 1202 undis.

113 1233 199 1275 Primus
208 1232 231 1274 in
241 1232 274 1274 lris
283 1232 386 1283 Phineus,
397 1231 447 1274 beili
458 1232 583 1275 temerarius
592 1241 679 1284 auctor,

84 1305 212 1349 Fraxineam
221 1305 319 1361 quatiens
327 1315 396 1348 aeratae
405 1305 500 1361 cuspidis
507 1305 604 1354 hastam.

86 1399 97 1419 ιι
105 1383 147 1430 En,
158 1381 200 1432 ait,
209 1394 236 1423 en
245 1381 323 1423 adsum
333 1389 442 1437 praereptm
451 1378 548 1435 conjugis
557 1378 622 1421 ultor.

85 1455 130 1496 Nec
140 1453 195 1495 mihi
206 1463 226 1497 re
235 1467 321 1510 pennae,
331 1467 370 1496 nec
380 1451 460 1495 falsum
470 1464 542 1495 versus
552 1450 574 1494 in
583 1466 663 1494 aurum

84 1527 180 1584 Jupiter,
190 1526 286 1583 eripient.
293 1543 305 1565 »
314 1526 406 1570 Conanti
415 1525 501 1568 mittere
509 1525 616 1582 Cepheus,

85 1618 97 1639 n
104 1601 162 1658 Quid
171 1599 236 1643 facim
244 1600 362 1644 exclamat:
372 1613 420 1655 que
430 1608 457 1649 te,
467 1612 573 1655 germane,
584 1599 695 1642 furentem

84 1676 146 1716 Mens
154 1674 200 1730 agit
208 1675 231 1716 in
241 1673 338 1716 facinus?
347 1673 458 1717 meritisne
468 1673 513 1715 hoc
523 1673 591 1730 gratia
600 1674 665 1716 tantis

84 1748 201 1791 Redditur!
210 1749 251 1791 hac
260 1749 326 1791 vitam
336 1758 423 1791 servatae
431 1749 481 1791 dote
490 1748 600 1804 rependis?

84 1823 156 1878 Quam
167 1822 205 1864 tibi
214 1835 259 1864 non
268 1824 365 1873 Perseus,
375 1835 451 1865 verum
461 1822 479 1864 si
490 1822 580 1878 qumis,
590 1822 682 1870 ademit,

84 1895 125 1936 Sed
135 1907 198 1950 grave
207 1894 326 1937 Nereidum
334 1909 429 1946 numen,
439 1895 476 1938 sed
486 1894 583 1951 corniger
591 1897 698 1944 Ammon,

83 1968 125 2010 Sed
134 1981 183 2023 quat
192 1967 307 2010 visceribus
316 1968 414 2011 veniebat
424 1968 496 2010 bellun
504 1977 571 2024 ponto

83 2040 231 2083 Exsaturanda
242 2041 301 2082 meis.
311 2039 353 2083 llio
361 2041 400 2083 tibi
411 2050 507 2096 tempore
516 2049 578 2095 rapta
588 2049 630 2090 ost,

83 2114 134 2171 Quo
142 2114 238 2170 peritura
247 2114 302 2158 init:
312 2115 353 2157 nisi
362 2114 392 2165 si,
401 2114 504 2165 crudelis,
514 2113 536 2155 id
545 2114 617 2169 ipsum

83 2188 165 2244 Exigis,
175 2198 200 2233 tet
209 2200 293 2245 pereat,
302 2188 406 2243 luctuque
414 2186 512 2231 levabere
520 2195 600 2229 nostro.

620 2270 649 2296 re.
