1667 2592
136 201 174 252 t78
284 203 618 247 ntnrtuottruossou
690 210 774 250 vans.

133 287 204 343 Quam
215 288 253 331 tibi
263 288 331 332 felici:
341 300 390 346 post
400 300 432 334 tot
441 306 528 347 quoque
539 292 616 335 funera
625 294 696 337 vinco.
705 311 717 334 u

133 362 230 406 Dixerat:
240 363 336 408 insonuit
345 377 447 408 contento
457 380 535 410 nervus
544 368 571 410 ob
581 382 645 420 arou,-

132 437 186 494 Qui,
196 449 272 493 praeter
281 438 365 481 Nioben
375 454 454 491 uuam,
464 442 582 487 conterruit
592 456 677 484 omues.

133 508 172 550 llla
182 509 239 551 malo
249 520 280 552 est
289 512 365 565 audax.
375 513 466 556 Stabant
475 527 526 555 cum
536 513 630 556 vestibus
639 513 693 557 atris

134 584 188 625 nme
199 593 256 625 toros
266 583 358 627 fratrum
368 585 462 627 demisso
472 586 530 629 crine
540 601 631 630 sorores.

133 656 150 697 E
159 656 238 710 quibus
248 670 302 706 una,
313 658 399 700 trahens
408 658 509 701 haerentia
520 659 597 702 viscere
607 658 660 712 tela,

135 729 239 785 Imposito
248 728 308 772 fratri
319 731 451 773 moribunda
460 731 566 788 relanguit
576 746 619 774 ore.

134 802 216 853 Altera,
224 802 288 845 solari
298 805 399 846 miseram
409 816 486 847 conata
496 816 619 861 parentem,

136 877 244 919 Conticuit
253 879 337 926 subito.
346 878 499 935 duplicataque
508 879 595 922 vulnere
605 894 661 923 caeco
670 892 715 936 est;

135 949 232 1006 [Oraque
242 964 285 992 non
295 951 382 1007 pressit,
392 952 433 994 nisi
442 962 557 1008 postquam
567 953 654 1010 spiritus
664 954 730 1011 exit.)

136 1023 182 1064 Haec
192 1021 271 1065 frustra
281 1021 365 1078 fugiens
373 1023 499 1077 collabitur;
510 1024 546 1067 itta
555 1025 623 1067 sorori

136 1094 275 1137 lmmoritur:
285 1095 337 1138 latet
346 1096 402 1146 haec;
411 1096 471 1138 illum
481 1098 586 1152 trepidare
596 1098 685 1140 videres.

135 1169 217 1223 Sexque
226 1168 281 1210 datis
290 1168 343 1219 leto,
353 1166 477 1225 diversaque
487 1170 576 1213 vulnera
586 1171 665 1227 passis,

136 1240 215 1283 Ultima
224 1242 327 1292 restabat.
337 1256 404 1297 quam
415 1252 460 1285 toto
470 1256 559 1299 corpore
569 1254 645 1293 mater.

134 1317 189 1358 Tota
199 1328 255 1359 veste
264 1326 346 1372 tegens,
357 1319 456 1368 «Unam,
466 1318 625 1375 minimamque
636 1317 748 1374 relinque3
817 1321 819 1325 ’

136 1393 164 1433 De
174 1391 248 1434 multis
258 1391 371 1434 minimam
381 1406 458 1448 posco,
468 1392 578 1443 clamavit,
588 1403 610 1436 et
620 1407 695 1436 unam.
702 1411 715 1433 o

136 1465 235 1520 Dumque
244 1474 316 1521 rogat,
326 1479 365 1521 pro
374 1479 418 1521 qua
427 1476 500 1521 rogat,
510 1466 595 1509 occidit.

596 1613 642 1655 vlt.
653 1615 715 1657 Orat
725 1613 803 1659 resedit

137 1681 249 1724 &animes
258 1681 314 1724 inter
323 1691 396 1733 natos,
405 1693 520 1739 natasque,
530 1683 655 1740 virumque

136 1754 269 1811 niriguitque
278 1754 347 1797 maiis.
357 1755 433 1798 Nullos
443 1766 515 1800 movet
524 1758 577 1799 dura
586 1757 687 1813 capillos

137 1832 162 1873 in
171 1828 233 1871 vultu
242 1828 301 1870 color
310 1830 396 1871 estsine
406 1831 523 1887 sanquine:
533 1830 616 1874 lumina
626 1833 709 1875 rnoestis

137 1905 199 1946 Stant
208 1902 299 1944 immota
308 1902 379 1958 genis:
389 1903 443 1945 nibil
453 1914 484 1946 est
493 1905 515 1946 in
525 1905 619 1961 imagine
628 1905 678 1948 vivi.

136 1978 184 2032 tpsa
193 1988 279 2031 quoque
288 1974 377 2017 interius
387 1989 437 2017 cum
448 1977 503 2018 duro
512 1976 586 2032 linqua
594 1976 667 2032 palato

136 2049 249 2105 congelat,
259 2058 280 2092 et
289 2062 347 2091 venae
356 2050 463 2093 desistunt
473 2063 533 2106 posse
543 2050 636 2101 moveri;

138 2126 181 2166 Nec
192 2123 248 2166 flecti
257 2123 338 2172 cervix,
347 2138 386 2167 neo
396 2124 483 2166 brachia
494 2126 581 2167 reddere
591 2135 674 2181 qesttu,

138 2199 181 2251 Nec
190 2210 227 2252 pes
236 2195 267 2238 ire
275 2206 357 2253 potest:
367 2197 424 2240 intra
433 2211 519 2254 quoque
529 2197 609 2241 viscera
617 2198 695 2242 satum
706 2211 747 2244 est.
