1667 2592
102 224 141 268 in
251 208 580 274 uerriionruo'srorr
653 212 740 267 νζεοι.

96 316 122 357 Et
131 313 204 356 vultus
213 311 307 356 melioris
317 313 365 355 eris.
375 313 427 355 Mihi
437 312 509 368 pervia
519 311 581 355 tellus

47 414 51 418 ·
97 387 179 429 Praebet
187 386 237 438 iter;
248 387 364 441 subterque
372 385 428 427 imos
437 384 509 427 ablata
518 397 619 427 cavernas

97 462 135 503 Hic
145 471 210 516 caput
218 460 310 512 adtolle,
320 461 450 514 desuetaque
459 458 529 501 sidera
537 472 610 500 cerno.

98 535 164 589 Ergo,
173 534 227 575 dum
236 532 307 590 Stygio
317 533 358 574 sub
367 531 429 574 terris
439 531 522 587 gurgite
531 530 605 583 labor,

65 635 69 642 .
98 606 149 648 Visa
160 616 197 648 tue
206 615 237 649 est
247 605 314 647 oeulis
322 605 366 647 illie
375 604 500 660 Proserpina
509 603 594 646 nostris.

96 678 136 720 Ilia
145 679 233 734 quidem
243 679 319 729 tristis,
328 693 367 721 nec
377 679 448 720 adhuc
457 678 556 720 interrita
565 676 638 729 vuitu3

98 753 139 794 Sed
149 753 221 808 regina
230 763 315 803 tamen,
324 754 364 795 soti
370 752 431 808 opaci
442 751 537 794 maxima
548 751 636 804 muudi;

99 828 140 870 Sed
147 838 220 870 tamen
230 828 308 870 inferni
318 828 400 884 poliens
410 837 509 870 matrona
520 826 634 884 tyranni.»

130 901 198 942 Mater
206 900 234 941 ad
243 900 326 942 auditas
335 900 430 955 stupuit,
439 913 479 941 ceu
488 913 560 949 saxea,
570 912 644 950 voces,

101 973 244 1029 Attonitaeque
252 974 290 1016 diu
299 974 374 1015 similis
384 973 440 1016 fuit:
451 983 518 1028 utque
528 973 601 1014 dolore
663 1006 665 1009 ,

101 1046 164 1089 Pulsa
173 1048 231 1102 gravi
241 1049 309 1103 gravis
319 1058 351 1089 est
360 1048 467 1095 amentia.
477 1047 577 1090 curribus
586 1059 650 1089 auras

101 1121 149 1164 Exit
158 1120 181 1162 in
189 1121 303 1163 aetherens:
314 1121 343 1162 ihi
353 1131 399 1163 toto
409 1120 485 1163 nubila
494 1121 556 1164 vultu

101 1197 236 1238 AnteJovem
247 1196 312 1252 passis
322 1196 380 1239 stetit
389 1196 493 1237 invidiosa
503 1194 597 1251 capillis:

104 1270 205 1323 «Proque
215 1282 263 1310 meo
272 1268 361 1324 supplex
371 1267 432 1310 venio
442 1268 492 1319 tibi,
501 1267 594 1324 Jupiter,
605 1266 688 1322 inquit,

102 1342 219 1397 Sanguine.
231 1357 312 1398 proque
322 1353 366 1385 tuo.
376 1343 396 1384 Si
407 1341 467 1384 nulla
475 1351 507 1384 est
517 1342 585 1397 gratia
595 1342 683 1393 matris,

103 1417 160 1457 Nata
169 1428 252 1470 patrem
263 1426 360 1459 moveat:
370 1430 413 1457 neu
422 1417 451 1457 sit
460 1415 498 1458 tibi
508 1428 570 1464 curn,
581 1428 709 1470 precamur,

104 1488 173 1531 Vilior
182 1489 250 1538 iilius,
260 1491 318 1546 quod
328 1500 402 1532 nostro
411 1499 443 1532 est
452 1490 508 1531 edita
518 1497 588 1544 partu.

104 1562 136 1603 En
146 1561 234 1615 quesita
243 1563 280 1603 diu
291 1563 378 1604 tandem
388 1562 443 1604 mihi
453 1572 502 1605 nata
512 1571 596 1617 reperta
605 1572 650 1604 est:

105 1634 126 1675 Si
138 1634 229 1689 reperire
238 1649 311 1685 vocas,
320 1636 419 1679 amittere
429 1637 518 1686 certius;
528 1645 566 1678 aut
575 1636 604 1686 si,

106 1707 163 1749 Scire
174 1707 211 1747 ubi
220 1708 257 1756 sit¹
269 1710 360 1763 reperire
370 1722 438 1750 vocas.
447 1709 509 1763 Quod
520 1718 591 1763 rapta,
601 1707 708 1760 feremus,

106 1780 230 1822 Dummodo
241 1782 314 1823 reddat
323 1796 382 1824 eam:
393 1782 530 1837 nequeenim
541 1781 640 1836 praedone
651 1782 730 1825 marito

107 1855 160 1897 Filia
170 1856 234 1911 digua
245 1865 281 1897 tua
291 1867 333 1908 est,
342 1857 360 1898 si
366 1856 414 1913 jam
425 1870 473 1898 mea
483 1856 526 1898 filia
537 1856 601 1912 digna
611 1866 668 1898 est.»

135 1930 219 1983 Jupiter
228 1932 321 1986 excepit:
333 1949 344 1970 u
350 1934 471 1974 Commune
480 1941 511 1973 est
520 1931 597 1987 pignus
607 1944 707 1987 onusque

108 2005 164 2046 Nata
174 2003 228 2044 mibi
238 2015 321 2046 tecum:
333 2006 381 2054 sed,
391 2005 407 2046 si
420 2005 484 2046 morlo
494 2004 583 2046 nonina
594 2005 659 2046 rebus

108 2076 248 2137 rddereyera
258 2077 337 2132 piacet.
347 2090 390 2118 non
400 2077 441 2118 hoc
451 2075 530 2132 injuria
541 2075 636 2127 feretum,

108 2152 190 2193 Verum
200 2166 262 2193 arnor
271 2164 315 2195 est:
325 2166 395 2207 neque
404 2154 445 2194 erit
456 2151 519 2193 nobie
528 2164 593 2206 gener
601 2149 637 2192 ille
646 2152 732 2207 pudori.

107 2224 141 2266 Tu
149 2225 227 2278 modo,
236 2225 298 2279 viva,
307 2226 364 2270 velis.
374 2228 401 2270 Ut
410 2225 480 2268 desint
489 2234 570 2278 cetere,
579 2234 688 2279 quantum
698 2235 731 2268 est-
