1667 2592
63 185 69 191 ·
124 174 163 215 132·
271 169 598 214 Murumonruosuou
670 182 751 226 r.7ro.

95 298 98 305 .
120 263 194 316 Quum
203 260 275 304 subito
281 259 379 316 juvenis.
388 259 479 315 pedibus
488 258 563 301 tellure
572 257 668 315 reprdsn,

121 336 205 378 Arduus
214 335 236 377 in
246 336 314 377 nubes
323 333 383 377 abiit.
392 334 451 377 Utin
460 347 545 389 equore
554 346 642 376 summo

121 409 201 450 Umbra
211 408 250 450 viri
260 408 304 450 visa
313 417 355 459 est,
364 407 432 449 visam
442 406 487 448 iera
495 407 553 449 sevit
562 406 585 448 in
594 407 704 450 umbram.

120 483 189 536 thue
197 481 254 523 lovis
263 493 355 536 praepes,
365 493 433 522 vacuo
441 492 510 533 quum
520 478 574 522 ridit
581 478 604 520 in
614 492 665 521 arvo

119 554 251 605 Praebeutern
260 552 339 596 Phoebo
347 552 434 594 liventia
443 560 502 607 terga
511 552 638 603 draconem,

119 630 213 683 Occupat
222 641 332 677 avcrsum3
341 641 384 669 neu
392 639 447 668 seve
456 635 578 682 retorqueat
586 640 635 676 ora,

119 700 262 757 Squamigeris
272 700 344 743 avidos
354 700 401 755 tigit
409 699 526 743 cervicibus
535 713 631 755 ungues:

118 774 151 815 Sic
161 772 222 816 celeri
232 773 308 816 fissum
317 786 409 829 preceps
418 786 456 829 per
464 773 528 815 innne
537 771 611 815 volatu

118 848 185 901 Terga
194 845 244 888 iem
253 845 339 902 pressit;
348 846 465 899 dextroque
475 843 586 886 frementis
594 844 616 886 in
626 856 688 886 armo

118 918 228 961 Inachides
238 917 320 961 ferrum
330 932 396 961 curvo
405 927 468 961 tenus
477 917 560 961 abdidit
568 917 642 960 hamo.

118 991 212 1033 Vulnere
221 991 269 1033 lasa
279 992 337 1046 gravi
346 992 412 1033 modo
421 1005 444 1033 se
452 989 550 1033 sublimis
560 991 582 1032 in
592 1003 655 1032 nurus

118 1065 218 1109 Adtollit:
228 1067 294 1108 modo
303 1066 376 1108 subdit
385 1065 458 1121 aquis:
469 1067 535 1109 modo
545 1079 605 1108 more
614 1064 690 1108 ferocis

116 1139 193 1181 Versat
202 1136 260 1193 apri,
269 1151 334 1193 quem
344 1137 409 1179 turba
417 1151 497 1179 cenum
507 1137 643 1180 circumsona
652 1144 725 1180 terret.

116 1212 153 1254 Ille
162 1211 235 1253 avidos
244 1224 329 1253 morsus
338 1210 446 1253 velocibus
455 1209 533 1266 effugit
542 1209 594 1253 alis:

116 1288 206 1343 Quaque
214 1294 300 1342 parent,
309 1299 367 1328 nunc
377 1295 436 1341 terga
444 1285 500 1327 cavis
509 1298 573 1341 super
581 1283 650 1326 obsita
659 1283 759 1338 conchis,

116 1362 180 1402 Nunc
189 1357 281 1401 laterum
290 1368 370 1409 costas,
379 1371 439 1400 nunc
448 1372 491 1413 qua
501 1357 626 1401 tenuissima
634 1358 704 1401 enudu

115 1433 195 1476 Desinit
203 1433 226 1475 in
235 1433 326 1489 piscem,
336 1433 414 1476 falcato
425 1433 521 1476 verberat
530 1446 585 1475 ense.

114 1505 185 1549 Bellus
193 1505 285 1561 puniceo
294 1505 373 1548 mixtos
382 1519 434 1548 cum
443 1505 546 1560 sunguine
556 1503 635 1547 fluctus

114 1581 155 1621 Ore
165 1577 245 1619 vomit:
256 1578 357 1619 maduere
366 1591 439 1633 graves
448 1576 572 1633 adspergine
581 1589 663 1631 penne.

114 1653 159 1694 Nec
168 1650 247 1692 bibulis
256 1650 313 1692 ultra
322 1653 407 1693 Perseus
417 1651 519 1694 talaribus
529 1664 594 1694 ausus

30 1754 33 1759 ,
114 1724 214 1775 Credere,
223 1723 332 1778 conspexit
340 1723 467 1785 scopulum,
476 1722 514 1779 qui
523 1723 600 1766 vertice
609 1736 698 1766 summu

113 1795 223 1840 stantibus
232 1795 275 1838 exit
282 1796 354 1851 aquis;
364 1796 461 1853 operitur
469 1797 498 1838 nb
506 1809 592 1852 equore
601 1806 669 1838 moto.

113 1871 181 1913 Nixus
190 1882 227 1920 eo,
237 1869 338 1925 rupisque
349 1881 422 1913 teneus
428 1869 481 1927 juga
490 1870 561 1926 prima
571 1869 667 1920 sinistre,

113 1945 154 1986 Ter
162 1952 238 2001 quater
246 1942 314 1998 eregit
323 1943 411 1999 repetita
420 1957 458 1999 per
466 1942 502 1986 iiia
511 1942 601 1985 ferrum.

141 2017 213 2060 Litora
221 2030 271 2059 cnm
281 2016 455 2073 praesentamur,
465 2029 594 2072 superasque
603 2016 697 2057 Deorum

113 2090 229 2148 Implevere
238 2093 328 2135 domos:
337 2092 442 2148 gaudent,
450 2103 596 2148 generumque
604 2089 711 2143 salutent.
