1667 2592
108 181 138 236 94,
262 175 593 220 nnltnonenosnon
668 182 762 222 msoo.

108 270 165 313 Heu!
176 268 257 312 frustra
265 268 341 310 dilecte
350 269 414 323 puer!
427 266 561 322 totidemque
570 266 656 310 remisit

108 344 180 385 Verba
191 342 263 394 locus;
273 342 374 396 dictoque
385 340 448 390 Vale,
458 339 511 382 Vale
520 340 621 395 inquitet
630 341 701 385 Echo.

109 417 147 460 lile
156 426 222 472 caput
232 415 292 458 viridi
303 414 383 457 fessum
393 414 495 456 submisit
504 414 526 456 in
536 414 617 456 herba:

110 490 204 532 Lumina
213 503 256 532 nox
266 488 359 539 claudit,
368 487 453 530 domini
463 487 565 530 mirantia
574 486 681 532 formam.

109 568 166 608 Tum
177 578 264 621 quoque
273 578 307 612 se,
317 573 433 619 postquam
442 572 475 605 est
483 561 570 604 inferna
579 563 629 605 sede
639 574 761 622 receptus,

111 641 136 682 In
147 638 217 695 Stygia
226 637 337 694 spectabat
346 651 407 692 aqua.
420 635 519 678 Planxere
528 649 612 678 sorores

114 712 217 759 Naiades.
227 721 249 753 et
257 722 326 753 sectos
336 694 397 751 fratri
407 723 498 765 posuere
506 709 601 765 capillos.

114 786 215 829 Planxere
225 796 246 828 et
257 786 359 842 Dryades:
370 785 522 840 plangentibus
531 785 623 828 adsonat
631 786 699 830 Echo.

114 861 207 914 Jamque
212 871 289 913 rogum
295 891 300 907 ,
306 871 437 913 quassasque
443 855 506 906 faces,
512 855 661 913 feretrumque
666 836 782 914 barabam
790 880 797 907 :

116 934 230 988 Nusquam
241 945 319 986 corpus
329 941 387 972 erat:
397 943 499 971 croceum
509 943 548 985 pro
557 944 648 986 corpore
658 932 741 978 florem

116 1006 242 1057 Inveniam,
253 1004 310 1047 loliis
320 1005 418 1047 medium
428 1004 563 1060 cingentibus
572 1005 634 1048 albis.
697 1011 701 1018 “

148 1153 202 1195 Vlll.
214 1154 313 1196 Cocum
324 1167 356 1195 res
366 1153 467 1196 meritam
476 1155 519 1196 vati
529 1168 568 1209 per
576 1155 682 1199 Achaidas
692 1158 764 1203 urbes

119 1228 231 1272 Adtulenat
240 1227 323 1269 farriam
332 1244 336 1269 :
346 1241 470 1282 nomenque
479 1235 525 1270 erat
534 1228 621 1283 auguris
632 1228 717 1285 ingens.

122 1300 207 1358 Spernit
216 1300 341 1343 Echionides
352 1310 424 1342 tamen
434 1299 504 1350 hunc,
513 1314 538 1342 ex
549 1301 653 1343 omnibus
663 1317 724 1346 unus

121 1378 249 1420 Contemtor
257 1379 363 1432 Superum
371 1409 376 1427 ‚
385 1375 504 1417 Pentheus:
514 1389 652 1432 praesagaque
663 1378 721 1423 ridet

122 1453 194 1495 Verba
204 1451 270 1500 senis3
283 1452 423 1505 tenebrasque
432 1461 452 1492 et
462 1450 545 1492 cladem
555 1450 609 1494 lucis
618 1452 713 1498 ademta

123 1528 208 1584 Objicit.
220 1527 255 1568 llle
265 1541 353 1569 movens
363 1526 456 1568 albentia
466 1535 564 1581 tempora
573 1527 645 1579 canis,

124 1605 214 1661 «Quam
226 1601 275 1643 felix
284 1616 349 1651 esses,
360 1601 377 1643 si
388 1610 410 1643 tu
421 1615 507 1657 quoque
517 1600 607 1643 luminis
616 1602 685 1658 bujns

124 1676 205 1719 Orbus.
215 1674 256 1721 ait.
267 1675 338 1721 lieres,
348 1688 387 1716 ncc
397 1673 486 1715 bacchia
495 1687 554 1715 sacra
565 1673 658 1717 videres!

123 1752 215 1802 Jamque
224 1747 269 1788 dies
278 1748 356 1794 aderit,
363 1746 455 1801 jamque
465 1746 523 1787 baud
533 1746 608 1801 procul
618 1760 719 1803 auguror
727 1763 787 1805 esse,

126 1824 174 1880 Qun
184 1834 251 1861 novus
262 1819 304 1860 ltuc
314 1820 395 1867 veniat,
405 1818 475 1874 proles
485 1818 599 1867 Semeleia,
609 1820 681 1863 Liber.

126 1896 196 1949 Quem
207 1891 247 1933 nisi
258 1891 389 1946 templorum
400 1891 466 1933 fueris
476 1891 577 1946 dignatus
586 1892 682 1947 honore,

128 1969 186 2012 Illille
197 1967 252 2008 lacer
261 1978 359 2022 spargere
370 1965 432 2016 locis;
443 1977 464 2008 ct
473 1966 577 2021 sangnine
586 1966 650 2009 silvas

128 2041 235 2085 Foetlabis,
247 2050 382 2094 matremque
393 2048 464 2083 tuam.
476 2040 594 2093 matrisque
603 2053 695 2084 sorores.

129 2112 242 2157 Etenimt:
255 2126 324 2165 noque
334 2111 391 2152 onim
402 2111 518 2165 dignabere
528 2124 610 2152 numen
620 2112 720 2156 bonore:

130 2187 207 2240 Meque
214 2185 257 2230 sub
266 2184 299 2227 itis
310 2182 402 2227 tenebris
411 2182 507 2225 nimium
516 2182 592 2225 vidisse
601 2185 706 2239 quereris.
713 2203 726 2226 n
