1667 2592
129 182 171 225 266
250 176 641 223 Marmoreumuvltt.
686 178 772 233 Μῦς.

129 271 265 335 (ἔτοάἰᾶίῑιεῑ
274 284 334 314 verso
344 270 447 312 dominus
456 269 510 325 pede
519 267 595 324 pressit
603 280 707 319 arenam

129 345 249 399 Elususque
259 343 318 386 abiit.
329 342 360 385 uti
369 357 408 385 sua
418 343 501 384 reddita
510 341 582 383 forma
591 350 630 383 est.

129 420 167 461 Ast
177 418 214 460 ubi
224 418 303 460 trabere
311 430 375 459 suam
385 415 524 458 transformia
534 408 625 470 eorp'ora
634 414 712 463 sentit.

128 494 187 547 Saepe
196 501 257 547 pater
266 490 360 532 dominis
368 489 483 545 Triopeida
492 488 565 531 vendit
573 505 578 528 :
588 498 611 530 ot
620 487 657 529 illa

128 566 193 606 Nune
203 577 270 619 equa,
280 577 339 604 nunc
346 562 402 611 ales,
413 562 480 603 modo
489 561 540 612 bos,
551 561 615 602 modo
625 573 703 602 cervus
712 560 800 614 abibat,

127 638 280 693 praebebatque
290 636 352 678 avido
362 650 406 678 uon
412 635 473 691 justa
483 635 588 677 alimenta
597 634 691 690 parenti.

127 710 166 752 Vis
177 720 249 752 tamon
259 710 295 752 ilia
305 709 357 751 mali
366 717 641 764 postquamconsumserat
651 720 745 750 omnem

126 781 251 831 Materiam,
262 783 392 836 dederatque
400 782 459 837 gravi
468 794 525 822 nova
533 780 615 836 pabula
623 780 716 833 morbo;

125 857 172 914 lpse
181 870 231 898 suos
241 867 301 900 artus
310 856 380 899 lacero
389 854 488 897 divellere
498 868 575 903 morsu

124 931 204 987 Coepit,
214 942 235 975 et
244 931 318 973 infelix
328 931 448 972 minuendo
457 943 536 986 corpus
545 929 623 971 aiebat

155 1005 231 1060 «Quid
240 1018 314 1046 moror
323 1004 428 1046 externis?
436 1004 502 1045 etiarn
513 1002 567 1044 milii
576 1015 631 1057 sepe
640 1003 741 1046 novandi

124 1077 235 1132 Corporis,
245 1092 258 1119 o
264 1077 366 1132 juvenes!
376 1091 469 1119 numero
479 1077 539 1119 finita
549 1086 649 1131 potestas.

124 1153 182 1195 Nam
188 1152 260 1199 ruodo.
266 1152 326 1207 quod
331 1165 389 1193 nunc
394 1165 452 1199 sum,
459 1151 531 1193 videor
538 1168 541 1176 ·
548 1152 613 1193 ruodo
620 1150 726 1195 uectoria
732 1165 830 1210 anguem:

123 1225 221 1270 Armenti
231 1225 297 1268 modo
306 1226 351 1268 dux
361 1225 414 1267 vires
424 1225 447 1267 in
457 1239 538 1271 cornua
548 1238 625 1267 sumo:

124 1304 222 1345 Cornua.
232 1301 286 1343 dum
296 1301 368 1356 potui;
379 1314 438 1342 nunc
447 1314 496 1355 pars
505 1310 563 1342 caret
572 1299 640 1342 altera
650 1299 695 1343 telo

122 1376 218 1429 Frontis,
228 1384 253 1418 ut
262 1375 306 1431 ipse
315 1374 398 1416 vides.»
408 1372 506 1417 Gemitus
515 1382 566 1416 suut
575 1374 640 1415 verba
650 1375 729 1417 secuti.
