1667 2592
118 188 159 226 252
269 182 600 226 METAMORPHOSEON
674 183 759 235 hipp.

117 276 177 316 Mens
186 273 224 315 nbi
235 282 333 316 materna
342 277 386 315 est?
394 272 434 314 nbi
442 284 501 314 nunc
511 270 547 328 pia
557 280 606 313 vota
614 274 748 326 parentum?

116 349 153 397 Et,
163 361 218 402 quos
227 346 331 395 sustinui,
341 346 374 388 bis
383 349 485 388 mensum
495 345 592 400 quinque
601 344 699 387 labores?

117 423 146 462 0!
157 420 240 463 utinam
251 420 326 475 primis
335 420 421 462 arsisses
430 419 517 474 ignibus
526 416 611 461 inians!

117 495 184 549 quue
193 507 232 549 ego
241 507 302 549 passa
312 492 392 535 forem!
404 492 480 536 Vixisti
490 506 580 534 munere
589 501 677 534 nostro:

117 567 181 607 Nune
192 566 269 608 merito
279 565 371 610 moriere
381 574 426 608 tuo.
435 568 492 621 Cape
501 564 589 620 praemia
600 563 663 615 faoti;

116 640 192 694 Bisque
201 640 287 689 datm
297 640 394 695 primum
404 647 479 694 partu.
490 651 540 679 mor
549 638 622 693 stipite
632 647 708 693 rapto,

36 730 41 736 ·
115 714 187 756 Redde
196 714 293 756 animam
302 730 306 755 :
317 712 349 756 vel
359 727 394 755 me
403 711 504 755 fraternis
512 712 567 754 adde
576 712 688 768 sepulcris.

115 788 141 830 Et
150 786 226 842 cupio,
234 796 256 829 et
264 800 355 841 nequeo.
363 786 421 843 Quid
428 791 504 841 aqam!
513 786 580 827 modo
590 785 682 827 vulnera
691 784 788 828 fratrum

115 865 169 903 Ante
179 859 252 902 oeulos
263 860 317 902 mihi
328 870 389 910 sunt,
399 870 421 903 et
430 870 495 903 tantze
504 860 567 903 caedis
576 860 663 916 imago:

115 936 179 977 Nunc
188 935 288 978 animum
299 935 377 992 pietas,
388 946 529 991 maternaque
538 934 630 977 uomina
638 934 753 990 frangunt.

116 1010 150 1050 Me
160 1008 273 1050 miseram!
284 1008 340 1050 male
350 1009 449 1056 vincetis;
459 1010 497 1051 sed
506 1009 595 1057 vincite.
605 1008 696 1051 fratres:

114 1083 250 1133 Dummodo,
260 1097 307 1138 quae
317 1084 395 1125 dedero
404 1084 465 1126 vobis
474 1083 562 1133 solatia,
571 1097 653 1139 vosque

114 1159 163 1213 Ipsa
172 1171 273 1213 sequar.»
283 1158 349 1208 Dixit,
359 1159 476 1215 dextraque
486 1172 559 1201 aversa
570 1158 672 1201 trementi

115 1233 237 1274 Funereum
247 1241 328 1275 torrem
338 1232 421 1274 medios
430 1232 523 1288 conjecit
532 1232 554 1274 in
565 1232 631 1288 ignes.

114 1306 156 1348 Aut
165 1305 234 1355 dedit,
244 1315 283 1348 aut
292 1306 349 1348 visus
358 1306 452 1362 gemitus
461 1316 493 1348 est
502 1305 538 1348 ilie
547 1305 630 1347 dedisse

113 1378 194 1435 Stipes:
204 1390 225 1422 et
235 1379 307 1421 invitis
316 1390 427 1435 correptus
437 1380 465 1421 ab
474 1377 561 1435 ignibus
570 1378 629 1421 ausit.

142 1528 169 1568 X.
179 1528 262 1570 Inscius
272 1537 337 1583 atque
346 1528 423 1570 absens
433 1527 523 1570 flamma
532 1526 648 1583 Meleagros
658 1527 682 1569 in
692 1528 732 1570 illa

116 1601 201 1647 Uritur,
211 1611 232 1643 et
239 1602 299 1643 eaecis
309 1602 384 1645 torreri
393 1603 472 1644 viscera
482 1602 547 1644 sentit

114 1673 212 1730 Ignibus3
225 1683 247 1716 at
257 1687 346 1729 magnos
356 1684 444 1730 superat
452 1675 531 1718 virtute
540 1674 632 1716 dolores.

115 1748 179 1804 Quod
189 1756 262 1790 tamen
271 1747 348 1802 ignavo
357 1749 432 1795 cadat,
441 1759 462 1790 et
471 1748 517 1790 siue
527 1747 642 1804 sanguiue,
652 1747 710 1799 leto,

114 1822 201 1864 Moeret:
211 1819 310 1862 et'Aneaei
320 1818 390 1862 felicia
398 1820 487 1862 vulnera
496 1820 555 1863 dicit.

115 1894 301 1948 Grandaevnmque
311 1902 405 1949 patrem,
415 1893 560 1949 fratremque,
570 1893 659 1950 piasque
669 1907 758 1937 sorores

113 1970 171 2011 Cum
181 1969 274 2024 gemitu,
284 1969 408 2024 sociamque
418 1969 460 2010 tori
470 1978 531 2012 vocat
539 1983 576 2012 ore
585 1982 702 2024 suprem0;

113 2043 210 2085 Forsitan
220 2052 241 2085 et
250 2052 350 2086 matrem.
359 2046 463 2087 Crescunt
472 2043 570 2099 ignisque
578 2043 696 2100 dolorque;

114 2118 306 2173 Langueseuntqne
315 2118 394 2160 iterum
402 2134 407 2159 ε
418 2117 484 2160 simul
493 2127 525 2161 est
534 2118 650 2161 exstinctus
660 2128 766 2175 uterque,
825 2175 829 2181 ι

114 2191 182 2245 lnquc
192 2189 246 2234 leves
256 2191 309 2234 abiit
317 2191 424 2248 paulatim
433 2191 521 2248 spiritus
530 2206 600 2236 auras.
