1667 2592
118 197 148 248 er
207 212 209 216 ,
269 169 605 236 urrunnunnosrou'
674 193 770 245 v‚ss7.

120 284 190 337 Atque
198 280 239 333 ite,
250 283 408 331 «vaertunt,
418 279 500 334 inquit,
509 293 544 321 me
554 278 610 330 futen
620 290 736 337 retorque

116 354 181 397 Plura
190 353 260 408 loqui,
270 353 369 408 vocisque
378 365 431 394 mere
440 352 578 408 praeluditur
588 367 648 395 usus.

118 428 169 468 Non
179 425 266 468 fuerant
274 436 330 468 arses
339 425 404 475 tanti,
414 438 462 479 que
470 424 567 467 numinis
577 425 635 468 iram

119 501 247 542 contraxere
259 497 326 539 milti:
337 496 425 539 mallem
434 497 524 540 nescisse
534 497 617 541 futura.

119 575 168 617 Jam
177 572 232 614 mihi
240 571 333 614 subduci
342 570 406 613 facies
415 570 513 614 humana
522 571 620 614 videtur:

119 648 168 689 lam
178 645 239 687 cibus
247 644 315 686 herba
324 644 405 700 placet:
411 643 462 700 jam
470 644 519 687 latis
527 657 614 687 currere
623 648 715 703 eampis

119 720 216 774 lmpetus
226 727 269 760 est:
279 717 303 759 in
312 730 402 773 equam,
412 727 546 773 cognataque
554 731 646 775 eorpura
655 731 744 764 vertor.

120 793 175 834 Tota
187 801 260 832 tamen
269 796 347 847 quarel
356 800 417 846 pater
426 799 458 832 est
467 790 522 832 mihi
530 804 609 847 nempe
619 792 738 837 biformis.
745 810 762 834 n

152 865 210 907 Talin
220 864 298 907 dicenti
307 877 357 920 pars
366 873 398 906 est
406 873 501 907 extrema
510 864 602 921 querele

119 938 229 982 Intellecta
238 951 327 993 perum5
337 937 470 993 confuseque
477 939 541 980 verba
550 937 624 981 fuere:
667 944 669 947 “

122 1015 171 1056 uox
180 1026 219 1053 nec
229 1012 293 1053 verbe
302 1011 402 1067 quidem,
411 1026 451 1054 nec
460 1026 520 1067 eqnae
529 1027 596 1055 sunus
605 1012 642 1055 ille
651 1014 754 1068 viderur,

120 1087 160 1129 Sed
170 1085 292 1128 simulantis
302 1100 394 1141 equam:
404 1100 513 1142 parvoque
523 1087 545 1129 in
555 1097 654 1143 ternpore
664 1102 744 1136 certos

121 1159 192 1202 Edidit
200 1157 309 1208 hinnitus,
319 1168 340 1201 et
349 1159 437 1201 brachia
445 1160 513 1202 movit
523 1160 545 1200 in
554 1159 640 1202 herbas.

121 1236 179 1276 Tum
188 1232 249 1289 digiti
258 1243 348 1283 coeunt,
357 1243 379 1276 et
387 1234 466 1289 quinos
474 1234 554 1290 adligat
563 1247 648 1289 ungues

120 1308 225 1362 Perpetuo
234 1319 303 1348 cornu
311 1304 362 1348 levis
372 1305 465 1362 ungula:
475 1305 550 1348 crescit
558 1315 580 1348 et
589 1305 645 1356 oris,

122 1383 148 1423 Et
156 1379 205 1422 colli
214 1378 321 1436 spatium:
330 1378 401 1434 longae
408 1392 458 1434 pars
467 1377 562 1420 maxima
571 1377 633 1433 pallae

122 1455 196 1498 Gauda
205 1453 230 1496 fit
238 1471 242 1495 :
253 1456 320 1508 litque
328 1453 376 1509 vagi
387 1452 456 1495 crines
465 1466 503 1508 per
512 1451 566 1494 eolla
571 1452 692 1508 jacebant,

122 1530 147 1571 In
157 1529 241 1570 dextras
251 1528 321 1569 abiere
327 1526 405 1583 jnbns:
415 1527 538 1583 pariterque
547 1535 626 1568 novata
635 1536 669 1570 est

123 1601 149 1645 Et
159 1613 210 1651 vox,
218 1608 240 1641 et
249 1598 324 1642 iacies:
334 1612 415 1642 nomen
423 1613 510 1655 quoqne
520 1608 618 1641 monstra
625 1600 715 1645 dedere.

153 1747 208 1787 Xlll.
215 1746 309 1797 Fertur,
317 1760 424 1802 opemque
431 1755 491 1789 tuam
499 1745 580 1788 frustra
586 1746 709 1803 Philyreius
716 1751 796 1806 heros,

124 1817 235 1874 Delphice,
243 1819 356 1873 poscebat:
366 1833 418 1861 nam
429 1832 468 1860 nee
477 1818 595 1860 rescindere
606 1820 682 1877 magni

125 1897 187 1939 iussa
195 1891 252 1934 lovis
260 1902 354 1947 peteras;
364 1906 414 1939 nee.
425 1894 442 1934 si
452 1893 569 1935 rescindere
578 1876 663 1949 pheses,

126 1972 187 2013 Tunc
196 1968 269 2009 aderas
277 1983 282 2008 :
293 1966 338 2009 Elin
348 1968 495 2022 Messaniaque
503 1982 554 2010 arva
562 1967 655 2012 colebas.

126 2043 182 2086 lllud
192 2051 238 2084 erat
247 2051 343 2096 tempus,
353 2053 397 2094 quo
409 2051 430 2082 te
439 2041 533 2097 pastoria
541 2041 602 2097 pellis

126 2115 198 2164 Texit;
208 2127 305 2169 onusque
314 2112 357 2155 fuit
365 2113 443 2156 dextre
452 2114 554 2157 silvestris
563 2114 632 2168 olim

129 2186 232 2238 Alterius,
239 2186 311 2242 dispar
318 2185 411 2245 septenis
420 2185 492 2229 lisutla
501 2187 583 2233 munis.
