1667 2592
97 167 139 208 rto
249 162 581 207 nurtuotnnosbott
655 166 739 221 *495-

96 273 108 295 «ι
114 259 173 299 flant
182 269 233 312 ego,
242 269 291 299 oure
300 268 376 311 gener,
385 254 492 311 quoniam
501 254 537 311 pia
545 267 609 297 eausa
618 255 702 311 coepit,

95 331 136 388 (Et
144 331 231 374 voluere
240 332 322 382 ambe,
332 329 419 372 voluisti
429 340 452 372 tu
462 343 560 386 quoque,
568 329 665 386 Tereu‚)

94 405 126 446 Do
136 404 186 456 tibi;
195 418 276 461 perque
286 404 364 454 fidem.
373 413 508 460 cognataque
517 414 604 460 pectora
612 403 717 460 supplex,

95 479 135 520 Pet
142 480 235 534 Superos
244 492 294 527 oro,
303 477 375 534 patrio
385 477 466 520 tuearis
475 490 561 529 umore3

95 553 122 595 Et
130 551 185 594 mibi
194 551 289 594 sollicite
298 551 393 593 lenimen
401 549 465 592 dulce
474 559 563 593 seneetre

95 626 266 685 Quamprimum
275 613 361 682 (omnis
370 625 411 667 erit
419 626 484 667 uobis
492 638 556 667 mora
564 624 642 683 longe)
652 626 763 670 remittes.

95 700 129 741 Tu
137 712 224 754 quoque
230 697 396 754 quamprimum
402 696 463 753 (sutis
470 706 502 740 est
508 697 585 753 procul
591 712 637 740 esse
643 698 762 755 sororem),

96 773 117 815 Si
127 773 195 829 pietas
205 772 250 814 ullu
259 782 301 822 est,
312 772 339 813 ud
348 785 395 821 me,
405 770 535 822 Philomelu,
544 770 620 815 redito.
627 787 640 810 n

125 847 254 896 Mandabat;
263 845 386 901 pariterque
395 857 440 886 suae
448 844 508 887 dedit
516 844 590 887 oscula
599 854 669 889 uoto:

95 922 122 967 Et
130 920 231 977 lacrymae
240 920 304 962 mites
312 919 369 960 iuter
378 918 482 960 mandata
491 920 604 963 cadebant.
614 922 617 929 ⁴

95 994 166 1048 thue
175 993 217 1035 fide
226 993 303 1049 pignus
313 991 398 1033 dextras
407 991 521 1047 utriusque
530 993 641 1050 poposcit,

94 1069 153 1110 inter
162 1080 227 1121 seque
236 1067 297 1108 dutus
302 1063 387 1121 junxit;
397 1075 516 1122 natumque
523 1076 670 1124 nepotemque

95 1144 197 1186 Absentes
207 1140 299 1184 memori
308 1153 348 1196 pro
356 1154 379 1182 se
385 1140 451 1195 jubet
460 1156 497 1184 ore
506 1141 601 1185 salutent
610 1159 615 1185 ι

95 1218 271 1272 Supremumque
280 1212 338 1265 mle,
347 1213 410 1268 pleno
420 1214 551 1270 singultibus
559 1228 608 1269 ore,

95 1289 137 1332 Vix
146 1288 210 1338 dixit,
221 1286 337 1342 timuitque
346 1301 389 1329 sure
399 1287 501 1343 presagia
511 1287 597 1331 mentis.

124 1365 152 1405 Ut
160 1361 227 1405 semel
235 1361 338 1417 imposito
347 1370 379 1403 est
387 1361 450 1416 pietae
459 1360 576 1405 Philomela
585 1362 676 1415 carine,

94 1438 257 1492 Admotumque
265 1435 347 1478 fretum
357 1435 433 1484 remis,
443 1434 549 1492 tellusque
557 1436 657 1492 repulsa:

96 1511 223 1560 «Vicimus,
233 1508 350 1560 exclamem
360 1522 449 1551 meeum
458 1523 507 1552 meu
516 1519 565 1552 vote
575 1508 691 1554 feruntur:
699 1528 712 1550 »

94 1584 234 1638 Exsultatque
242 1583 328 1635 animo,
338 1583 372 1626 vir
381 1592 403 1626 et
411 1597 451 1626 sua
460 1584 540 1639 gaudia
548 1582 623 1627 diflert

92 1658 210 1706 Barbarus,
220 1666 242 1699 et
250 1669 359 1712 nusquam
368 1655 444 1698 iumen
453 1657 567 1713 detorquet
575 1657 603 1698 ab
612 1656 657 1699 ilie.

93 1736 143 1778 Non
153 1731 225 1793 aliter.
234 1744 302 1786 quam
310 1744 381 1790 quum
389 1732 481 1787 pedibus
490 1732 598 1788 praedator
606 1732 701 1776 obuncis

92 1806 196 1864 Deposuit
205 1805 257 1847 nido
265 1804 361 1861 leporem
369 1805 427 1847 lovis
435 1804 479 1848 ales
487 1805 511 1846 in
519 1803 576 1848 ulto:

93 1881 160 1925 Nullo
168 1879 221 1935 luga
230 1887 262 1921 est
271 1888 347 1935 capto:
357 1888 439 1934 spectet
447 1892 488 1920 sua
496 1878 586 1934 premio
595 1888 676 1934 ruptor.

54 1986 56 1990 -
93 1957 185 2010 Jamque
194 1952 234 1994 iter
243 1949 360 2002 effectum,
364 1949 681 2006 jamqueinsualitomfeetis
723 1977 726 1983 =

92 2029 204 2085 Puppibus
212 2026 319 2074 exierant,
329 2039 399 2082 quum
409 2039 446 2068 rex
455 2026 563 2068 Pandione
571 2035 647 2069 nutam

93 2105 118 2145 ln
127 2101 214 2145 stabula
223 2101 266 2143 alm
277 2100 354 2151 trabit,
362 2100 421 2142 silvis
430 2100 524 2144 obscum
532 2099 632 2151 vetustis3

93 2180 163 2232 Atque
172 2175 202 2217 ibi
212 2174 340 2230 pallentem,
351 2174 513 2232 trepidumque,
523 2183 546 2218 et
553 2183 634 2218 cuncte
642 2173 770 2228 timentem,
806 2174 814 2199 l
