1667 2592
114 202 159 256 ²⁵4
268 199 600 244 metamorphoseon
673 215 695 244 v.
708 206 758 246 552.

114 292 228 335 Murmure
237 304 288 334 saxa
297 290 373 334 solent.
382 290 433 333 Vidi
441 290 577 333 contermina
587 291 638 347 ripe

114 367 171 409 Cum
181 365 281 422 gregibus
289 364 376 408 stabula
384 362 428 406 sita
438 363 508 406 trebi:
518 377 558 406 nec
566 363 662 407 fortibus
672 364 718 408 illie

115 438 200 483 Profuit
208 439 323 491 armentis,
334 453 373 482 nec
383 439 444 495 equis
454 437 563 481 velocibus
573 452 624 481 esse.

116 513 185 557 Multa
193 528 280 570 quoque
289 513 324 556 hic
335 523 429 563 torrens,
440 512 525 556 nisibus
534 513 561 555 de
571 521 646 556 monte
656 512 749 567 solutis,

114 591 211 646 Corpora
221 589 321 631 turbineo
327 587 435 644 juvenilia
444 588 524 630 vortice
534 589 616 630 mersit.

116 660 193 704 Tutior
202 670 234 703 est
243 661 338 717 requies,
347 658 410 703 solito
420 661 474 702 dum
484 660 577 703 flumine
586 670 679 704 current

116 734 205 785 Limite,
215 735 269 777 dum
280 744 354 777 tenues
363 735 434 791 sepiat
443 748 496 777 suus
505 733 578 776 niveus
588 734 665 777 nudes.
673 752 685 774 s

116 808 198 851 Adnuit
207 808 302 864 AEqides:
313 810 438 864 «Uterque,
449 807 551 858 Acheloe,
562 808 673 864 domoque

116 882 253 939 eonsilioque
265 893 314 933 tuo,
323 883 465 941 responditur
476 892 497 925 et
507 895 559 924 usus
568 892 663 938 utroque
672 892 713 926 est.

118 956 206 999 Pumice
216 956 345 1007 multicavo,
355 970 395 999 nec
404 956 493 999 levibus
502 956 557 999 atria
566 956 638 1012 tophis

119 1030 204 1072 Structo
214 1029 279 1071 subit.
289 1028 348 1072 Molli
359 1029 422 1072 tellus
431 1040 478 1072 eret
486 1030 577 1072 humida
587 1043 671 1072 musco.

119 1104 211 1146 Shmme
220 1102 352 1145 lacunabant
361 1102 445 1145 alterno
456 1103 540 1146 murice
548 1103 645 1146 conche.

119 1179 212 1233 Jamque
221 1177 275 1219 duas
284 1176 338 1219 lucis
348 1187 420 1233 partes
430 1177 549 1234 Hyperione
558 1191 646 1229 menso,

120 1252 250 1295 Discubuere
260 1251 312 1294 toris
321 1252 415 1294 Theseus
424 1252 557 1307 comitesque
567 1250 684 1296 laborum:

121 1327 165 1368 flac
175 1325 291 1376 Ixionides,
301 1324 337 1367 itta
346 1325 467 1383 Troecenius
476 1324 540 1366 heros

121 1403 183 1443 Parte
192 1399 264 1448 teter,
275 1400 328 1442 reris
333 1414 343 1455 J
347 1413 383 1441 nm
392 1413 479 1455 sparsus
489 1409 588 1456 tempora
596 1401 664 1444 cenis.

121 1475 223 1531 Quosque
232 1473 285 1516 elios
294 1473 358 1529 parili
368 1472 440 1516 iuerat
447 1464 549 1530 dignutus
558 1474 642 1517 bonore

120 1547 196 1592 Amnis
205 1551 353 1596 Acarnanum,
363 1546 485 1589 tutissimus
493 1548 578 1603 hospite
588 1558 655 1591 tento.

121 1620 221 1663 Protinus
230 1620 338 1676 adpositas
347 1621 411 1662 nude
422 1620 508 1676 vestigia
517 1621 624 1678 Nymphae

121 1697 243 1737 Instruxere
252 1692 321 1748 epuiis
331 1706 415 1735 mensas
425 1710 430 1734 :
440 1693 575 1750 dapibusque
586 1694 676 1738 remotis

120 1771 147 1811 in
156 1781 243 1824 gemma
252 1779 342 1822 posuere
352 1780 446 1808 merum.
455 1768 512 1809 Turn
523 1767 632 1810 maximus
640 1767 707 1811 heros

122 1846 214 1897 liquore
223 1839 354 1897 prospiciens
364 1840 432 1883 oculis
442 1840 551 1897 subjecta,
562 1858 573 1880 α
580 1842 644 1898 Quis,
654 1842 743 1899 iuquit,

122 1916 161 1960 llle
170 1915 260 1958 iocust»
270 1914 381 1971 digitoque
391 1914 496 1965 ostendit;
506 1924 539 1965 ct,
550 1932 561 1953 ι(
569 1915 641 1957 insuia
651 1930 738 1960 nornen

123 1990 187 2048 Quod
197 1998 256 2044 peret
265 1987 311 2038 itta,
321 1989 374 2030 doce
383 2002 387 2027 :
397 2001 533 2043 quamquem
544 2001 589 2029 non
598 2002 643 2030 una
653 1988 748 2033 videtur.
756 2008 768 2030 s

156 2061 230 2105 Amnis
236 2061 263 2103 ud
269 2060 320 2111 hee,
326 2078 338 2100 ι(
345 2063 393 2103 Non
400 2069 437 2103 est,
444 2060 521 2115 inquit,
527 2061 585 2116 quod
591 2061 710 2114 cernimus,
716 2078 795 2107 unum.

124 2136 224 2194 Quinque
230 2134 305 2190 jacent
315 2145 375 2177 terre
384 2151 389 2176 :
399 2136 495 2190 spatium
505 2134 631 2176 discrimina
640 2132 705 2179 saliit.
745 2154 748 2159 ·

123 2210 215 2267 Quoque
224 2207 297 2251 minus
306 2217 381 2263 spretn
390 2206 474 2250 fectum
484 2207 562 2251 mirere
572 2207 654 2258 oianae,
