1667 2592
74 192 94 221 v.
106 179 158 221 3¹6.
323 180 423 222 LIBER
440 181 467 222 V.
676 188 715 227 152

72 268 176 324 Turpius.
185 267 261 311 nleeoe
267 267 344 324 jurant
352 282 391 325 per
401 268 492 313 llumina
502 271 618 328 Nymphae,

72 342 182 396 Factaque
191 341 218 383 de
228 340 275 383 sivo
284 354 378 397 pressere
387 341 462 384 sedilia
470 355 527 384 saxo.

72 416 146 467 Tunc,
155 415 202 458 sine
211 424 268 458 sorte
278 416 347 471 prior,
357 430 405 471 quae
414 430 437 459 se
446 426 528 460 certare
536 416 632 473 professa
641 427 684 470 est,

72 489 130 532 bella
138 489 198 534 canit
206 491 325 547 Superum
335 490 433 547 falsoque
441 492 464 533 in
474 492 555 534 honore
564 492 664 548 Gigantas

71 563 146 613 Ponit,
155 572 178 605 et
186 572 288 606 extenuat
299 577 428 619 magnorum
439 564 497 607 facta
505 566 611 617 Deorum

71 637 226 691 Emissumque
235 638 279 680 ima
288 639 314 680 de
323 639 372 680 sede
381 638 483 696 Typhoea
494 649 554 682 terre

71 709 183 753 Coelitibus
192 708 266 753 fecisse
275 721 370 762 metum3
381 722 514 768 cunctosque
523 713 605 756 dedisse

70 783 139 836 Terga
149 780 218 837 fugas:
228 783 296 825 donec
306 781 372 825 fessos
383 785 478 840 Egyptia
489 784 550 828 tellus

69 855 167 912 deperit,
176 865 198 899 et
206 868 287 912 septem
297 858 402 900 discretus
411 859 435 900 in
445 859 500 902 ostia
510 859 578 902 Nilus.

71 929 117 971 linc
127 942 215 985 quoqne
225 930 353 985 terrigenam
363 932 445 973 venisse
453 931 554 989 Typhoea
564 942 649 982 narrat,

70 1004 97 1045 Et
105 1016 129 1044 se
138 1002 235 1046 mentitis
244 1005 336 1060 Superos
345 1002 427 1048 celasse‘
432 1006 519 1061 liguris:

70 1078 162 1132 Duxque
171 1076 249 1133 gregis,
260 1077 324 1125 dixit,
335 1078 360 1121 lit
367 1079 462 1135 Jupiter3
472 1081 529 1123 unde
540 1081 633 1125 recurvis

69 1150 136 1190 Nunc
145 1162 233 1204 quoque
241 1148 347 1192 formatus
354 1152 417 1207 Libys
424 1161 456 1194 est
463 1166 513 1195 cum
522 1155 624 1197 cornibus
631 1154 739 1205 lmmon;

69 1221 143 1265 Delius
153 1221 176 1264 iu
185 1235 261 1271 corvo,
271 1223 340 1278 proles
349 1223 453 1266 Semeleia
463 1238 538 1281 capro,

68 1294 119 1337 Pele
127 1307 190 1337 soror
199 1295 281 1346 Phoebi,
290 1296 352 1338 nivea
361 1298 461 1339 Saturnia
471 1312 545 1349 vacca,

70 1368 130 1411 Pisce
138 1369 213 1411 Venus
223 1367 296 1419 latuit,
306 1368 415 1426 Cyllenius
424 1368 489 1410 Ibidis
498 1369 543 1411 alis.
551 1386 562 1408 u

99 1442 208 1484 Hactenus
217 1442 244 1484 ad
254 1440 359 1484 citharam
369 1441 451 1484 vocalia
461 1453 557 1486 moverat
566 1457 617 1486 ora:

70 1513 183 1556 Poseimur
192 1513 289 1556 sonides.
300 1531 312 1554 e
318 1515 358 1556 Sed
367 1514 457 1557 forsitan
467 1515 510 1558 otia
519 1530 564 1558 non
572 1516 627 1569 sint;

69 1588 115 1630 Neo
125 1588 203 1630 nostris
212 1588 306 1643 prebere
316 1599 375 1631 vacet
385 1589 423 1631 ribi
434 1590 533 1633 cantibus
542 1604 623 1634 aurem.
630 1608 642 1631 s

70 1662 122 1703 «Ne
131 1660 220 1712 dubita,
229 1671 367 1716 vestrumque
378 1662 432 1705 mihi
442 1663 498 1706 refer
506 1664 581 1707 ordine
590 1679 689 1718 carmen,

71 1731 140 1775 Pallas
149 1731 192 1774 ait:
202 1748 214 1771 s
224 1733 362 1789 nemorisque
371 1734 411 1776 lesi
422 1736 518 1779 consedit
526 1736 549 1778 in
559 1738 644 1779 umbra.

71 1808 134 1849 Musa
143 1805 222 1850 refert:
233 1824 245 1846 a
252 1807 353 1850 Dedimus
362 1823 474 1852 summam
483 1811 606 1854 certaminis
615 1811 660 1855 uni.
667 1827 681 1851 u

69 1882 154 1937 Surgit,
164 1892 186 1924 et
196 1881 306 1925 immissos
315 1883 395 1927 hedera
404 1884 493 1928 collecta
502 1884 601 1941 capillos,

68 1955 164 2012 Calliope
173 1956 273 2012 querulas
282 1968 395 2013 praetentat
404 1960 482 2015 pollice
492 1959 584 2001 chordas
593 1972 598 1998 e

68 2028 139 2084 Atque
149 2028 194 2071 liaec
203 2031 308 2085 percussis
318 2030 431 2087 subjungit
440 2031 537 2074 carmina
546 2031 623 2073 nervis.

100 2102 191 2144 «Prima
200 2104 262 2145 Ceres
271 2118 327 2146 unco
337 2104 423 2160 glebam
433 2104 524 2146 dimovit
533 2112 617 2146 aratro:

68 2174 142 2218 Prima
151 2175 211 2219 dedit
219 2175 302 2234 fruges,
313 2176 459 2232 alimentaqne
468 2174 531 2218 mitia
542 2174 616 2229 terris;
