1667 2592
85 164 152 216 trip.
326 162 424 204 LIBER
442 163 484 204 vl.
683 161 725 214 169

85 252 112 292 Et
120 251 184 292 breve
193 260 244 307 pust
251 261 337 307 tempus
346 253 471 294 candescere
480 251 532 294 Solis
542 252 569 293 ab
580 261 636 294 ortu.
699 291 710 302 ,

87 325 168 366 Perstat
177 324 199 366 in
210 326 306 382 incepto,
316 326 439 380 stolidaeqne
448 325 548 381 cupidine
557 326 633 381 palmae

86 398 111 438 ln
121 412 159 440 sua
170 398 215 441 fata
224 401 274 442 ruit.
286 398 358 455 Neque
368 401 426 442 enirn
436 403 486 442 Jove
496 410 545 442 nata
556 410 649 450 recusat;

87 470 132 512 Nec
142 481 216 513 monet
227 472 327 521 ulterius,
338 486 376 514 nec
382 471 431 527 jam
441 471 559 513 certamina
568 458 649 512 nitram

118 546 179 587 fland
189 560 260 597 mora3
271 546 391 588 consistunt
399 546 487 587 diversis
496 546 592 600 partibus
602 545 683 595 anrbae,

90 619 116 660 Et
124 619 198 674 gracili
207 620 303 675 geminas
313 606 429 663 iritendunt
438 621 529 662 stamine
540 619 597 662 telas.

90 691 141 733 Tela
147 691 202 748 jugo
212 693 282 736 vincta
292 704 335 736 est:
346 704 430 736 stamen
440 692 529 735 secernit
539 693 636 735 arundo:

90 765 196 807 Inseritur
205 767 302 809 medium
312 767 377 809 radiis
386 768 500 809 subtemen
510 766 588 817 acutis;

91 841 155 896 Quod
165 842 224 896 digiti
235 843 361 898 expediunt,
371 854 436 898 atque
445 843 502 885 inter
510 841 604 885 stamina
614 841 704 887 ductum

90 915 193 954 Percusso
203 913 283 957 feriunt
292 915 365 958 insecti
376 915 459 971 pectine
468 917 549 958 dentes.

92 986 188 1040 Utraque
198 985 310 1037 festinant,
321 988 438 1043 cinctaeque
447 989 474 1030 ud
485 998 570 1044 pectora
581 998 646 1033 vestes

91 1059 181 1100 Brachia
190 1060 254 1102 docta
265 1072 363 1114 movent,
372 1062 443 1105 studio
454 1062 540 1106 fallente
547 1063 651 1110 laborem.

94 1130 141 1173 tttic
151 1141 173 1173 et
182 1130 270 1188 Tyrium
281 1148 328 1188 quae
338 1148 434 1190 purpura
444 1135 509 1179 sensit
517 1149 597 1181 aenum

94 1205 195 1256 Texitur,
204 1216 225 1248 et
236 1217 310 1249 tenues
320 1207 378 1264 parvi
387 1208 517 1250 discriminis
528 1209 623 1254 utnbrae:

93 1280 169 1338 Qualis
179 1281 206 1322 ab
215 1281 285 1324 imbre
294 1282 348 1324 solet
358 1296 470 1337 percussus
480 1282 561 1324 solibus
570 1294 633 1323 arcus

52 1371 55 1377 ·
96 1353 187 1396 lnficerc
197 1354 276 1411 ingenti
288 1356 377 1410 longum
388 1356 514 1399 curvamine
524 1354 614 1406 coelum;

97 1430 124 1469 ln
133 1441 178 1482 qno
187 1428 263 1469 diversi
273 1428 356 1470 niteant
365 1442 435 1484 quum
446 1428 504 1469 mille
514 1427 606 1476 colores.

98 1501 210 1544 Transitus
220 1502 264 1557 ipse
275 1512 348 1544 tamen
357 1501 476 1558 spectantia
485 1501 569 1543 lumina
579 1499 640 1545 fallit.

101 1579 173 1632 Usque
180 1577 234 1618 adco
241 1578 300 1631 quod
309 1577 386 1633 tangit,
395 1577 452 1618 idern
461 1578 502 1619 cst!
512 1587 585 1620 tamen
593 1576 671 1621 ultima
678 1578 765 1623 distant.

98 1650 146 1692 lttic
156 1660 177 1692 et
187 1649 269 1692 lentum
281 1650 321 1692 fitis
330 1650 458 1692 immittitur
467 1663 558 1701 aurum,

99 1727 125 1768 Et
135 1734 195 1767 vetus
205 1724 228 1765 in
239 1722 279 1766 tela
289 1724 403 1766 deducitur
411 1735 572 1780 argumentum.

130 1872 157 1911 ΙΙ.
170 1871 280 1914 Crcroru
286 1870 353 1913 Pallas
362 1871 477 1927 scopulum
488 1873 588 1914 Mavortis
598 1872 620 1914 iu
630 1884 682 1915 arce,

100 1944 184 2000 Pingit,
193 1956 216 1987 et
225 1948 336 2001 antiquam
347 1947 373 1988 dc
384 1959 444 1989 terrae
454 1947 542 1988 nomine
552 1928 619 1988 liteni·

99 2019 136 2061 Bis
146 2033 182 2061 scx
191 2019 296 2069 coelestes,
307 2021 377 2062 medio
386 2023 449 2071 Jove,
458 2020 544 2062 sedibus
553 2019 601 2063 altis

100 2095 199 2147 Augusta
208 2094 311 2148 gravitate
320 2079 400 2136 sedent.
411 2096 452 2136 Sua
462 2106 571 2148 quemque
580 2093 676 2135 Deorum

101 2166 204 2209 inscribit
213 2166 291 2210 facies:
300 2168 357 2210 loris
366 2177 398 2209 est
407 2165 483 2222 regulis
492 2164 572 2219 imago.

190 2254 233 2283 rur.
626 2250 658 2280 u
