1667 2592
144 200 173 241 90
296 170 626 231 uarauoarnosaou
702 193 792 250 αφ.

144 279 218 333 Spreta
227 277 279 321 iatet
287 278 344 321 silvis
352 294 357 319 :
366 278 538 334 pudibundaque
547 277 663 321 frondibus
673 293 714 323 ora

144 352 247 408 Proteffl't3
256 363 278 395 et
286 353 337 394 solis
345 366 371 395 ex
380 353 418 394 ilio
428 353 479 395 vivit
487 352 510 394 in
519 352 593 394 antris.

144 428 185 470 Sed
194 437 267 470 tamen
277 428 343 470 haret
352 440 421 478 amor,
431 427 549 481 crescitque
558 426 633 468 dolore
644 428 747 485 repulere.

143 506 262 553 Attenuant
271 502 343 558 vigiles
352 516 431 558 corpus
441 501 563 544 miserabile
571 515 642 544 curae:

144 575 278 630 adducitque
287 585 359 617 cutem
371 575 461 629 maciem
471 575 523 617 etin
533 588 583 616 uera
592 589 671 618 succus

143 648 244 704 Corporis
251 648 323 689 omnis
330 649 386 689 abit:
395 662 434 689 vox
443 658 528 689 tanturn
536 681 541 695 ,
548 656 613 701 atque
620 661 670 690 ossa
677 662 808 706 supersunt.

144 724 192 764 Vox
201 731 287 763 manet:
298 734 345 763 ossa
356 720 429 763 ferunt
438 719 514 775 lapidis
524 720 611 762 traxisse
621 720 726 776 figuram.

144 795 196 837 inde
205 794 257 837 latet
266 793 322 835 silvis
331 810 335 834 :
346 793 450 848 nulloque
460 792 483 833 in
492 802 567 834 moute
575 793 673 846 videtur3

94 866 96 873 ’
144 868 251 910 Omnibus
261 867 355 909 auditur.
365 868 435 909 Sonus
444 874 486 916 est,
495 865 533 920 qui
542 865 594 907 vivit
603 865 627 907 in
636 867 682 910 itta.

172 941 205 983 Sic
215 941 281 989 bane,
291 940 322 982 sie
331 940 394 989 alias,
404 939 467 981 undis
476 949 514 981 aut
524 939 637 982 montibus
647 952 719 995 ortas,

143 1018 231 1058 Luserat
240 1013 276 1055 hic
285 1013 407 1069 Nymphas;
417 1012 448 1054 sic
457 1024 524 1054 cretus
533 1022 583 1054 ante
593 1013 672 1057 viriles.

144 1090 196 1132 inde
205 1101 284 1129 manus
293 1086 371 1142 aliquis
380 1088 491 1142 despectus
501 1088 528 1129 ad
537 1088 616 1130 aethera
626 1089 718 1143 tollens,

146 1163 197 1205 «Sic
207 1171 265 1203 amet
275 1161 324 1211 iste,
334 1159 393 1210 licet,
403 1160 434 1203 sie
443 1174 487 1202 non
497 1160 594 1216 potiatur
603 1166 692 1206 amato!
700 1181 712 1204 a

144 1237 236 1280 Dixerat.
245 1234 342 1278 Adsensit
349 1234 449 1290 precibus
457 1234 590 1276 Rhamnusia
596 1234 672 1290 justis.

172 1386 285 1442 Vlinous
294 1392 340 1425 erat
349 1381 433 1431 iiiimis.
443 1382 516 1425 nitidis
525 1392 639 1438 argenteus
649 1387 728 1440 undis,

144 1462 215 1517 Quem
224 1472 295 1513 neque
304 1468 410 1513 pastores,
420 1470 489 1512 neque
499 1467 564 1512 pastae
573 1469 650 1500 monte
659 1463 748 1518 capelia

143 1534 293 1589 Contigerant,
303 1531 387 1574 aliudve
396 1545 474 1587 pecus:
485 1545 550 1585 quem
561 1531 621 1574 uuila
630 1535 739 1588 volucris,

143 1609 188 1650 Nec
199 1605 244 1647 fera
254 1606 362 1653 turbarat,
372 1618 411 1646 nec
422 1604 493 1660 lapsus
502 1605 530 1645 ab
540 1605 617 1646 arbore
626 1620 713 1652 ramus.

144 1685 237 1730 Gramen
246 1689 292 1721 erat
300 1679 368 1728 eirea,
377 1679 436 1735 quod
446 1679 557 1734 proximus
566 1679 650 1722 bnmor
659 1683 745 1728 alebat:

96 1788 100 1795 .
143 1755 252 1809 Silvaque,
262 1752 306 1794 soie
316 1753 388 1795 lacum
398 1766 488 1808 passura
498 1762 604 1807 tepescere
613 1755 685 1799 nullo.

142 1831 180 1872 iiic
190 1841 250 1884 puer,
261 1837 281 1869 et
291 1828 362 1870 studio
370 1827 463 1868 venandi
472 1826 540 1868 lassus
549 1837 571 1869 et
580 1838 645 1879 aestu,

142 1884 270 1951 Procubuit5
281 1900 402 1955 faciemque
411 1899 464 1947 loci.
474 1898 600 1956 fontemque
609 1914 708 1948 secutus.

142 1979 243 2031 Dumque
252 1974 311 2017 sitim
321 1974 394 2015 sedare
403 1974 475 2028 eupit,
483 1973 529 2015 sitis
538 1973 605 2016 altera
615 1978 695 2029 crevit3

143 2050 243 2102 Dumque
254 2045 319 2093 bibit,
330 2044 378 2086 vise
387 2056 499 2100 correptus
508 2046 603 2102 imagine
613 2047 705 2101 format,

144 2124 208 2178 Spem
214 2119 513 2174 sinecorporeamattcorpus
518 2129 637 2175 putatessn
643 2127 816 2178 quodumbmes

143 2197 248 2247 ,adstupet
256 2190 301 2246 ipse
310 2190 362 2241 sibi;
372 2190 476 2248 vultuque
486 2192 592 2237 immotus
600 2195 681 2240 eodem
