1667 2592
117 187 156 217 roa
249 174 468 218 METAMORPH.
486 176 546 217 ΗΒ.
564 176 615 218 111.
674 179 756 232 r.718.

115 263 196 305 Mater:
206 264 258 309 «lo.
268 263 371 318 gemina,
381 262 494 313 clamavit,
504 264 576 306 adeste
585 276 677 307 sorores.

113 336 151 378 lile
160 351 218 393 aper,
227 339 250 379 iu
260 339 339 380 nostris
348 349 405 380 errat
415 338 453 393 qui
463 338 572 381 maximus
582 338 651 394 agris,

114 411 153 453 llle
163 411 217 453 mihi
226 411 335 454 feriendus
344 426 402 467 aper.
410 429 421 450 n
432 412 482 454 Ruit
492 413 564 454 omnis
573 413 596 454 in
606 426 679 455 unum

114 486 189 527 Turba
198 484 286 529 furens:
296 495 480 536 cunctaremur,
491 496 616 541 cunctaeque
626 496 749 542 sequuntur

114 559 165 600 lam
175 559 295 615 trepidum.
302 559 352 615 jam
361 560 426 601 verba
436 559 509 601 miuus
518 558 613 601 violenta
621 559 761 615 loquentem,

114 632 164 674 lam
174 646 196 673 se
205 633 347 675 damnantem
354 666 359 683 ,
365 632 414 689 jam
424 646 446 675 se
456 646 554 688 peccasse
563 632 677 675 fatentem.

116 706 206 748 Saucius
215 706 251 749 ille
261 717 346 757 tamen,
357 709 414 748 «Fer
424 719 500 763 opem,
510 714 638 757 matertera,
647 688 712 757 lixit,

116 781 228 822 Autonoe:
239 789 341 824 moveant
348 780 434 822 animos
443 779 547 822 sermonis
557 781 647 823 umbras.
655 796 667 819 n

115 852 165 902 illa,
175 854 228 908 quid
237 857 334 905 Actaeon,
343 854 421 904 nescit;
431 854 572 909 dextramque
582 854 679 910 precanti

116 927 223 969 Abstulit:
234 930 286 969 luno
296 926 388 970 lacerata
397 937 430 969 est
438 927 505 970 altera
515 937 585 983 raptu.

118 1002 169 1042 Non
177 1001 243 1043 habet
252 1001 327 1043 infelix
337 1015 384 1056 quae
394 1001 460 1043 matri
471 1001 559 1042 brachia
570 1001 656 1044 tendat:

117 1076 205 1118 Trunca
213 1077 250 1117 sed
262 1077 376 1118 ostendeus
385 1075 480 1132 disjectis
489 1088 580 1131 corpora
590 1075 706 1125 membris,

120 1149 238 1205 «Adspice,
249 1160 348 1200 maten»
357 1150 394 1193 ait.
406 1150 462 1190 Visis
472 1149 563 1190 ululavit
572 1151 651 1203 Λίμνος

117 1219 220 1275 Collaque
226 1220 327 1275 jactavit.
337 1220 449 1274 movitque
458 1232 497 1274 per
506 1233 554 1261 acra
563 1220 658 1261 crinem:

118 1295 267 1350 Avulsumque
276 1304 342 1351 caput
350 1294 421 1350 digitis
431 1294 543 1350 completa
552 1293 659 1343 cruentis,

120 1369 217 1418 Clamat,
227 1387 238 1407 α
246 1371 268 1410 lo
277 1369 378 1419 comites,
390 1382 445 1423 opus
455 1367 500 1410 haec
510 1367 598 1410 victoria
607 1377 708 1411 nestrum
718 1378 775 1413 est»

120 1446 171 1488 Non
181 1445 244 1487 citius
254 1443 342 1486 frondes
351 1453 459 1486 autumno
469 1441 547 1497 frigore
557 1450 635 1491 tactus,

121 1522 213 1575 Jamque
224 1518 278 1562 male
288 1520 391 1561 haerentes
400 1517 444 1559 alta
454 1517 510 1587 rapjt
519 1517 596 1558 arbore
605 1526 695 1568 ventus,

119 1598 191 1654 Quam
201 1604 253 1637 sunt
262 1595 361 1636 membra
370 1593 409 1635 viri
420 1591 521 1634 manibus
529 1591 611 1647 direpta
621 1590 728 1634 nefandis.

150 1669 238 1712 Talibus
247 1667 350 1724 exemplis
359 1667 447 1709 monita
456 1679 512 1708 uota
521 1678 580 1707 sacra
590 1663 742 1720 frequentant,

122 1744 223 1798 'luraque
232 1742 296 1795 daut,
306 1750 433 1797 sanctasque
442 1740 518 1784 colunt
526 1738 643 1782 Ismenides
655 1752 711 1782 aras.
