1667 2592
138 184 164 225 58
287 150 615 212 nerinonrnosnott
690 145 787 202 *497-

138 270 201 313 Arcas
210 262 280 310 adest,
289 267 322 300 ter
330 253 426 310 quinque
436 247 479 289 fere
489 242 597 286 natalibus
606 235 666 279 actis.

137 344 236 393 Dumque
246 333 301 375 feras
309 326 417 382 sequitur,
427 321 481 361 dum
490 314 557 358 saltus
565 309 624 366 eligit
632 317 711 362 aptos,

139 409 292 459 Nexilihusque
302 397 368 456 plagis
377 394 440 437 silvas
449 383 614 445 Erymanthidas
623 378 709 429 ambit,

139 483 218 530 Incidit
226 481 249 522 in
257 484 361 519 matrem:
371 481 418 524 quae
428 463 505 506 restitit
513 457 592 502 Arcade
601 455 659 505 viso,

142 564 168 604 Et
177 548 312 612 cognoscenti
321 543 396 588 similis
406 539 455 582 fuit.
465 536 501 577 llle
511 530 601 586 refugit3
653 566 656 571 ,

141 636 289 680 Immotosque
298 618 371 662 oculos
379 605 434 657 in'se
443 611 488 652 sine
498 607 540 650 fine
550 611 660 646 tenentem

142 703 232 750 Nescius
242 694 351 742 extimum
360 686 491 746 propiusque
501 679 600 722 accedere
608 672 680 717 aventi

143 775 252 835 Vulnifico
262 770 334 812 fuerat
342 764 424 806 fixurus
433 765 521 813 pectora
529 750 584 793 telo:

143 849 216 896 lrcuit
226 843 372 897 omnipotens;
382 832 503 890 pariterque
513 825 612 881 ipsosque
621 818 730 874 nefasque

144 920 246 969 Sustulit,
255 925 276 958 et
285 910 347 955 celeri
357 915 428 962 raptos
437 914 475 957 per
483 897 556 940 inania
565 904 629 937 vento

144 991 250 1051 Imposuit
259 985 323 1034 celo,
331 981 444 1032 vicinaque
452 973 522 1015 sidera
530 968 587 1010 fecit.

174 1144 210 1187 x1.
221 1144 333 1183 Inrunurr
342 1134 410 1178 iuno,
420 1135 535 1183 postquam
544 1120 601 1161 inter
610 1115 680 1158 sidera
689 1112 765 1170 pellex

145 1218 225 1264 Fulsit:
236 1211 293 1255 etad
303 1218 380 1250 canam
390 1197 498 1244 descendit
506 1195 530 1235 in
538 1203 626 1246 aequora
635 1186 734 1242 Tethyn,

146 1296 299 1340 Oceanumque
309 1290 393 1326 senem,
403 1283 497 1328 quorum
507 1262 626 1309 reverentia
636 1258 707 1302 movit

146 1371 204 1422 Saepe
212 1366 276 1408 Deos;
286 1362 416 1405 causamque
427 1345 464 1387 viae
473 1340 612 1385 scitantibus,
622 1334 684 1376 infit:

150 1434 278 1497 «Quaeritis,
287 1424 384 1472 aethereis
393 1431 461 1477 quere
470 1415 542 1470 regina
550 1414 644 1453 Beorurn

148 1512 238 1557 Sedibus
247 1507 290 1547 huc
299 1500 379 1543 adsim!
389 1508 429 1551 pro
439 1503 473 1533 me
484 1496 541 1531 tenet
550 1484 617 1526 altera
626 1480 715 1523 coelum.

149 1583 247 1629 Mentiar‚
257 1578 375 1619 obscurum
384 1567 425 1610 nisi
434 1577 477 1607 nox
485 1572 554 1616 quum
564 1555 639 1598 fecerit
647 1555 738 1603 orbem,

106 1695 109 1701 .
150 1662 225 1712 Nuper
234 1654 349 1694 honoratas
359 1654 457 1688 summo,
467 1649 515 1679 mea
524 1633 624 1680 vulnera,
633 1627 686 1671 coelo

152 1727 252 1774 Videritis
261 1721 331 1766 stelles
341 1718 395 1766 illic,
405 1714 443 1757 uhi
453 1707 545 1753 circulus
554 1717 616 1746 arem

152 1804 247 1848 Ultimus
256 1804 389 1840 extremum,
398 1782 510 1843 spatioque
520 1776 668 1824 brevissimus,
678 1772 760 1814 ambit.

151 1863 258 1923 Estvero,
268 1881 306 1912 cur
315 1865 363 1921 quis
372 1866 479 1904 iunonem
489 1855 562 1897 ledere
571 1849 637 1898 nolit,

152 1952 306 1998 ottensamque
317 1946 405 1985 tremat,
415 1946 462 1988 quae
472 1929 552 1986 prosim
563 1924 608 1966 sola
617 1921 730 1964 nocendo!

152 2029 184 2069 En
194 2035 232 2077 ego
242 2022 349 2073 quantum
359 2008 402 2062 egi!
412 2017 479 2060 quam
488 2010 547 2043 vasta
555 1996 650 2053 potentia
660 2002 735 2035 nostra
744 1991 790 2033 est!

153 2102 201 2142 Esse
210 2090 323 2136 hominem
331 2081 389 2124 vetui
397 2096 401 2120 :
413 2078 471 2119 iacta
480 2084 511 2117 est
520 2076 567 2115 Dea.
577 2070 609 2111 Sic
620 2081 659 2122 ego
668 2079 743 2122 poenas

151 2169 252 2213 sontibus
261 2164 350 2215 impono
359 2169 363 2194 :
373 2153 402 2196 sic
412 2161 445 2194 est
454 2163 500 2191 men
511 2158 589 2201 magna
598 2150 701 2198 potestas.
