1667 2592
104 197 145 238 218
253 189 587 236 METAMORPHOSEON
663 189 747 244 unq.

132 284 187 327 Mire
196 283 287 340 loquor:
298 282 390 326 nooilia
398 295 474 333 eones,
483 281 593 336 avideque
601 276 715 331 volueres,

99 362 153 403 Non
162 360 211 403 cani
221 360 308 416 tetigere
318 358 377 414 lupi:
387 357 470 413 dilapsa
479 356 613 411 liquescunt3

104 434 233 497 Adiiatuque
243 442 333 484 nocent,
343 440 364 474 et
374 440 443 487 agunt
452 428 553 485 contagia
561 427 610 470 late.

104 507 202 551 Pervenit
211 507 238 549 ed
248 507 337 548 miseros
346 505 429 546 damno
439 502 535 559 graviore
544 500 634 544 colonos

103 580 213 631 retinet
222 579 245 621 in
254 564 338 633 inam
347 576 476 619 dominatur
482 574 592 616 monibus
603 571 670 615 urbis.

105 654 193 696 Viscera
204 661 315 694 torrentur
323 649 395 706 primo
403 665 408 690 :
418 648 557 703 ssammaeque
565 644 653 688 latentis

107 725 217 769 Indicium
226 724 294 766 rubor
303 731 346 773 est,
355 731 377 764 et
385 718 581 763 ductuoanhetitus
589 731 654 773 aeflre.

109 802 189 855 Aspera
196 798 271 853 lingua
280 793 362 845 tumen
373 794 492 850 tepidisque
501 793 584 835 arentia
593 790 664 834 ventis

109 877 153 918 Ora
161 882 248 930 patent:
259 885 359 926 auraeque
368 883 442 926 graves
450 876 566 925 captantur
575 866 645 909 hiatu.

110 951 162 991 Non
171 956 276 996 stratum,
286 958 331 987 nort
338 943 384 986 ulia
393 942 439 998 pati
448 941 555 984 velamina
564 947 668 996 possunt5

112 1024 171 1065 Dura
180 1020 217 1061 sed
226 1018 249 1060 iu
259 1027 315 1061 terra
323 1025 409 1072 ponunt
417 1015 535 1071 precordia
543 1006 597 1056 :uec
606 1012 633 1055 fit

113 1097 196 1150 Corpus
205 1092 274 1133 humo
283 1089 391 1146 gelidum,
399 1088 437 1129 sed
446 1088 529 1130 humus
538 1087 564 1129 de
574 1098 665 1141 corpore
675 1083 753 1128 fervet.

114 1171 160 1212 Nee
170 1167 295 1209 moderator
303 1163 375 1205 adest:
386 1161 453 1216 inque
462 1161 520 1217 ipsos
529 1173 583 1203 saeva
594 1159 710 1201 medentes

115 1239 215 1296 Erumpit
226 1238 307 1289 clades,
316 1236 440 1290 obsuntque
449 1233 574 1277 auctoribus
583 1241 647 1274 artes.

116 1316 165 1372 Quo
175 1312 263 1370 propior
272 1310 363 1367 quisque
372 1318 415 1359 est,
425 1307 533 1363 servitque
541 1305 627 1348 fidelius
635 1319 708 1362 egro,

111 1391 142 1432 vin
152 1397 236 1445 partem
246 1386 282 1428 leti
291 1384 354 1428 eitius
363 1382 432 1434 vorin
442 1390 510 1437 utque
519 1379 594 1423 salutis

116 1467 168 1520 Spes
177 1461 241 1509 abiit,
251 1461 362 1514 finemque
370 1456 445 1499 rident
453 1456 476 1498 in
485 1456 561 1498 funere
571 1453 655 1506 morbi;

86 1583 88 1586 ,
116 1537 233 1591 Indulgent
241 1532 331 1576 animis:
342 1540 363 1573 et
371 1529 444 1579 nulla,
453 1528 506 1585 quid
516 1527 579 1577 utile,
589 1524 642 1569 eura
651 1536 698 1570 est:

117 1611 172 1655 Utile
182 1609 240 1651 enim
250 1605 305 1648 nihil
313 1615 351 1647 est.
360 1604 452 1649 Passim,
462 1602 575 1657 positoque
584 1601 682 1655 pudore,

116 1684 233 1730 Fontibus,
243 1691 264 1723 et
274 1679 356 1727 fluviis,
365 1677 478 1733 puteisque
487 1675 603 1733 capacibus
612 1673 711 1718 herent:

116 1763 162 1803 Nec
172 1757 232 1814 prins
241 1764 273 1796 est
281 1753 385 1795 exstineto
394 1752 451 1801 sitis,
460 1764 527 1805 quarn
536 1750 591 1793 vita.
602 1749 708 1791 bibendo.

117 1836 170 1877 Inde
180 1843 253 1889 prater
260 1825 325 1869 multi
335 1834 447 1880 nequeunt
455 1836 594 1878 consurgere3
603 1831 626 1863 et
634 1822 689 1877 ipsis

104 1938 109 1943 -
119 1904 279 1951 Immoriuntur
291 1898 364 1952 aquis:
374 1895 452 1951 aliquis
462 1906 535 1938 tamen
545 1894 619 1936 haurit
628 1903 651 1936 et
658 1892 717 1937 illes.

119 1982 231 2030 Tantaque
241 1981 292 2015 sunt
301 1969 384 2012 miseris
393 1968 457 2010 inrisr
466 1968 528 2010 tedia
537 1966 597 2016 lecti;

119 2051 246 2095 Prosiliunt:
257 2056 308 2096 aut,
317 2043 334 2086 si
343 2041 460 2099 prohibent
468 2041 583 2083 consistere
592 2038 660 2090 vires,

120 2127 216 2180 Corpora
224 2119 340 2163 devolvunt
349 2117 372 2158 in
381 2115 489 2165 humum,
498 2113 629 2170 fugiuntque
637 2122 733 2167 penates

58 2223 60 2225 >
116 2198 216 2259 Quisque
225 2207 289 2238 suos:
299 2205 339 2236 sua
348 2189 427 2244 cuique
435 2190 515 2232 domus
525 2186 612 2230 funesta
620 2184 717 2229 viderur.
