1667 2592
79 186 99 216 v.
111 173 162 228 629.
313 172 413 215 Lissa
430 173 489 235 Vll.
675 185 716 215 παι

81 260 209 312 Intremuit,
219 259 329 317 ramisque
338 274 418 304 sonum
428 260 474 304 sine
484 260 573 304 llamine
582 260 648 304 motis

82 334 131 378 alu
140 334 199 377 dedit
206 347 306 389 quercus.
315 334 393 376 Pavido
404 335 458 376 mihi
468 335 568 376 membra
577 334 655 377 timore

81 409 226 459 llorrueraut,
236 408 366 463 stabantque
375 421 451 451 comae.
459 409 543 451 'lamen
551 408 626 451 oscula
635 417 707 461 tertre,

80 481 247 538 Roboribusque
256 481 317 525 dedi:
328 495 367 525 nec
377 482 413 525 ine
421 496 507 539 sperare
518 481 611 534 farehm

79 558 200 613 Sperabam
211 566 294 608 tamen,
303 566 369 612 alque
378 556 453 599 auimo
462 570 512 599 mea
520 566 570 600 rota
580 555 688 600 fovebam.

82 633 134 674 Nox
141 632 213 684 subit,
223 641 244 675 et
253 632 310 674 curis
319 632 411 685 exercita
420 645 511 688 corpora
519 645 610 674 somnus

79 706 185 760 Occupat.
193 707 247 747 Ante
254 704 328 748 oculos
337 706 412 748 eadem
423 705 477 748 mibi
486 719 578 760 quercus
586 706 671 759 adesse,

79 780 106 822 Et
115 791 189 820 ramos
198 777 299 829 totidem,
310 778 443 835 totidemque
452 778 555 821 animalia
565 777 630 821 ramis

80 853 145 895 Ferre
153 851 198 894 suis
206 851 251 894 visa
260 863 302 903 est;
311 851 417 909 parilique
427 852 549 895 tremiscere
559 862 632 903 motu,

80 924 263 982 Graniferumque
271 940 350 984 agmen
358 927 462 983 subjectis
470 940 569 983 spargere
579 927 601 968 in
611 926 674 969 urvis.

81 1003 182 1044 Crescere
190 1001 249 1056 quod
258 1001 342 1053 subito,
352 1011 373 1045 et
382 1001 455 1057 majus
465 1001 579 1057 majusque
587 1001 666 1053 videri,
693 1032 695 1039 ,

79 1077 110 1120 dc
118 1089 141 1117 se
152 1074 225 1117 tollere
234 1075 315 1129 humo,
324 1086 424 1133 rectoque
434 1076 534 1120 adsistere
545 1086 633 1128 trunco,

78 1148 107 1190 Et
116 1146 221 1198 maciem,
230 1161 392 1203 numerumque
400 1150 494 1204 pedum,
503 1148 634 1204 nigrumque
643 1147 739 1192 colorem

80 1223 174 1274 Ponere;
184 1231 206 1264 et
215 1221 336 1265 humanam
347 1208 450 1265 membris
459 1223 561 1266 inducere
569 1223 673 1267 formam.

82 1298 178 1372 {omnus
187 1296 239 1339 abio
248 1299 332 1339 Damno
341 1296 430 1352 vigilans
440 1310 490 1339 mea
499 1296 554 1348 vim
563 1311 697 1355 querorque,

80 1372 107 1413 ln
116 1370 203 1426 Superis
212 1370 259 1427 opis
268 1384 312 1414 esse
321 1370 382 1413 nihil.
392 1372 418 1413 At
426 1371 450 1433 iu
459 1370 541 1413 aedibus
549 1372 625 1427 ingens

82 1445 185 1486 Murmur
195 1453 252 1494 crau
264 1456 368 1498 vocesque
378 1442 494 1485 homiuum
503 1443 603 1486 exaudire
612 1443 710 1497 videbar,

82 1519 132 1561 lam
143 1517 197 1559 mibi
206 1517 311 1560 desuetas.
320 1518 377 1559 Duru
386 1515 484 1571 suspicor
492 1516 530 1559 bas
539 1531 626 1574 quoque
634 1518 717 1570 somui;

81 1592 136 1635 Ecce
147 1589 204 1632 venir
213 1589 317 1632 Telamon
326 1602 440 1646 properus,
451 1588 577 1646 foribusque
587 1591 685 1646 reclusis,

62 1722 65 1727 Ι
82 1650 167 1722 δροᾷιιε
177 1664 272 1721 lideque,
281 1673 353 1721 pater,
363 1663 427 1713 dixit.
438 1663 522 1720 majora
530 1665 617 1709 ridebis.

81 1737 194 1794 [gredere.
203 1736 316 1792 Egredior:
326 1736 442 1793 qualesque
451 1737 474 1780 in
484 1738 577 1794 imagine
586 1741 658 1783 somni

82 1810 148 1855 Visus
157 1823 217 1853 eram
227 1809 302 1853 vidisse
312 1811 379 1863 viros,
388 1826 414 1854 er
423 1812 498 1854 ordine
507 1812 559 1870 tales

80 1883 193 1940 Adspicio,
203 1896 344 1940 agnoscoque.
354 1885 449 1936 Adeun15
460 1899 575 1942 regemque
583 1885 685 1930 salutant.

83 1960 141 2001 Vota
150 1958 197 2000 lovi
206 1957 276 2007 solvo,
288 1957 416 2015 populisque
426 1958 547 2001 recentibus
556 1959 633 2001 urbem

82 2030 177 2080 Parcior,
186 2040 209 2072 et
218 2043 296 2072 vacuos
304 2029 379 2085 priscis
387 2029 508 2073 cultoribus
516 2042 589 2083 ugros5

85 2102 277 2161 Myrmidonasque
286 2116 350 2156 roco,
359 2117 399 2147 nec
408 2102 490 2159 origine
499 2101 590 2145 nomina
599 2101 684 2148 fraudo.

80 2179 178 2236 Corpora
186 2176 265 2223 vidisti.
274 2178 355 2230 Mores,
364 2190 420 2233 quos
429 2186 480 2220 ente
490 2177 604 2233 gerebant,

104 2258 122 2284 b
