1667 2592
60 147 142 199 ”4¹⁵⁰
302 147 402 189 LIBER
420 147 462 188 Vl.

58 235 83 275 Et
91 234 194 276 nondum
204 242 269 276 torvae
278 233 373 290 Calydon
382 234 451 275 invisa
459 233 542 283 Diana,

57 305 249 362 Orchomenosque
259 304 328 353 ferax.
339 316 360 348 et
370 306 448 349 nobilis
457 320 498 348 rere
506 305 631 355 Corinthos,

56 380 196 436 Messeneque
207 379 278 432 ferox,
287 383 406 436 Patraeque,
416 380 553 436 humilesque
561 379 655 432 Cleonae,

54 455 80 497 Et
89 456 156 498 Nelea
167 455 240 513 Pylos,
250 470 320 512 neque
330 457 400 498 adhue
410 456 501 499 Pittheia
509 458 606 506 Troum,

55 529 151 585 Quaque
162 528 225 570 urbes
235 528 281 571 aliar
291 529 369 572 bimari
379 529 512 572 clauduntur
522 531 549 571 ab
559 529 653 580 Isthmo,

54 600 196 656 Exteriusque
204 601 250 644 siue
261 602 338 644 bimari
348 612 473 659 spectantur
482 603 509 645 ab
520 603 608 645 isthmo.

54 675 144 717 Credere
153 674 202 730 quis
212 675 290 731 possit!
300 676 360 726 sota,
370 676 478 727 cessastis,
488 676 581 719 Athenae.

53 747 142 791 Obstitit
151 746 225 790 officio
235 748 327 795 betium.
337 750 482 806 subvectaque
492 759 559 806 ponto
623 738 630 745 ⁶

53 820 147 861 Barbara
157 819 279 875 Mopsopios
289 822 397 863 terrebant
405 822 493 877 agmina
504 834 585 864 muros.

53 892 165 935 Threicius
174 894 254 935 Tereus
264 893 308 935 hac
316 894 456 936 auxiliaribus
467 894 533 937 armis

54 966 157 1015 lindenau
168 975 190 1007 et
199 964 282 1007 ciarurn
292 966 397 1008 vincendo
406 980 487 1010 nornen
497 967 598 1010 habebat.

53 1041 124 1098 Quem
134 1039 175 1082 sibi
186 1040 281 1082 Pandion
290 1041 409 1098 opibusque
419 1042 511 1099 virisque
520 1052 644 1100 potentem,

53 1115 79 1157 Er
87 1128 156 1170 genus
166 1127 267 1170 amaqno
277 1115 391 1159 dueentem
404 1115 459 1160 rorte
468 1117 571 1169 Gradivo,

52 1187 168 1231 connuhio
177 1190 268 1230 Procnes
274 1187 354 1244 junxit.
365 1191 413 1231 Non
423 1191 522 1246 pronuba
531 1193 599 1241 luno,

51 1262 101 1305 Non
111 1264 239 1320 Hymenaeus
248 1264 319 1314 adest,
328 1277 373 1305 non
382 1263 413 1305 iili
423 1264 495 1306 Gratia
504 1263 566 1306 lecto.

51 1335 180 1378 Eumenides
190 1346 278 1378 tenuere
288 1334 345 1378 faces
354 1336 380 1378 de
390 1336 466 1378 funere
476 1346 560 1393 raptas:

50 1409 179 1452 Eumenides
186 1419 279 1452 stravere
289 1419 373 1459 torum;
384 1419 483 1465 tectoque
491 1408 596 1465 profanus

51 1483 154 1526 incubuit
164 1483 235 1536 bubo,
246 1483 379 1539 thalamique
388 1484 411 1525 in
420 1482 516 1526 culmine
524 1484 584 1526 sedit.

53 1557 95 1599 flac
104 1571 143 1599 ave
152 1567 204 1599 sunt
210 1557 282 1613 juncti
293 1560 371 1600 Procne
380 1559 513 1612 Tereusque;
523 1568 620 1614 parentes

52 1631 95 1673 flac
105 1645 143 1673 are
154 1642 206 1674 sunt
215 1631 273 1674 facti.
282 1633 369 1675 Gratata
378 1643 409 1675 est
418 1631 498 1674 scilicet
506 1632 548 1675 illis

49 1702 152 1754 Thraeia;
163 1705 240 1759 Disque
250 1703 290 1759 ipsi
299 1716 369 1760 grates
379 1718 452 1761 egere:
463 1704 574 1761 diemque,

48 1776 140 1833 Quaque
149 1776 200 1818 data
210 1786 241 1818 est
250 1776 308 1818 claro
317 1778 425 1820 Pandione
435 1788 485 1820 nata
495 1788 599 1837 tyranno,

48 1850 139 1907 Quaque
149 1861 196 1893 erat
205 1860 265 1892 ortus
275 1854 326 1908 itys.
337 1851 414 1894 festam
421 1852 505 1909 jussere
515 1853 593 1895 vocari.

48 1925 119 1980 Usque
129 1924 183 1965 adeo
193 1922 245 1966 latet
254 1923 345 1967 utilitas!
355 1927 403 1966 Jam
414 1935 513 1981 tempora
521 1925 584 1968 Titan

46 1997 149 2053 Quinque
158 2009 197 2053 per
206 2006 325 2040 autumnos
334 1998 418 2054 repetiti
428 1999 519 2040 duxerat
527 1998 590 2047 anni;

44 2071 120 2127 Quum
129 2069 227 2112 blandita
236 2071 282 2113 viro
292 2073 383 2122 Procne,
395 2088 406 2108 a
413 2070 434 2112 Si
445 2069 524 2125 gratia,
534 2069 600 2117 dixit,

42 2142 90 2186 nlla
100 2157 151 2186 mea
160 2152 203 2194 est,
214 2143 246 2184 vel
256 2157 292 2186 me
302 2144 393 2186 visenda
403 2143 466 2183 mitte
474 2141 554 2193 sorori;
