1667 2592
72 214 158 267 ηερ.
299 192 398 256 traria
415 213 491 257 vur.
674 217 716 271 243

69 301 204 358 Antiquique
214 315 300 345 memor
309 305 388 346 metuit
397 303 501 347 sublimia
510 318 579 348 casus.

98 378 193 432 Jamque
203 374 318 432 fatigatum
328 375 391 419 tellus
401 380 480 421 Etnaea
491 378 578 421 tenebat

62 449 186 501 flaednlon,
196 449 303 493 assumtis
313 464 353 506 pro
362 450 459 507 supplice
468 450 558 494 Cocalus
567 452 635 494 armis

69 523 128 566 lllitis
140 523 275 567 habebatur:
281 523 330 580 jam
340 523 479 567 lamentabile
487 524 575 568 arhenae

67 582 164 639 Pendere
173 595 290 648 desierant¹
300 596 385 648 Thesea
390 596 466 648 laude,
476 597 593 640 tributam.

61 670 160 726 -Templa
169 680 314 713 coronantur:
325 670 503 727 bellatricemque
512 671 631 714 Minervam

66 747 125 790 Cum
134 747 186 788 Jove
195 747 272 802 Dlsque
282 755 360 789 vocant
368 745 415 788 aliis
425 763 430 787 :
439 758 495 802 quos
504 746 609 802 sanguine
618 755 680 798 roto,

66 820 238 877 Muneribusque
246 820 313 873 datis,
323 830 345 864 et
352 820 432 864 acerris
443 820 497 864 turis
506 821 606 864 adorant.

97 967 145 1010 Vll.
152 967 275 1010 Sransratr
283 967 390 1025 ArgolIcas
399 981 481 1011 nomen
490 982 544 1025 saga
553 970 619 1011 Fama
628 981 667 1025 per
675 967 741 1011 urbes

69 1042 176 1085 Theseos:
186 1051 208 1084 et
216 1041 304 1098 populi,
313 1056 368 1098 quos
377 1041 436 1084 dives
445 1041 525 1085 Achaia
534 1043 602 1098 cepit,

69 1116 140 1172 liujus
149 1129 214 1177 opem
224 1116 307 1179 magrps
316 1116 459 1173 imploravere
469 1115 564 1174 periclis:

33 1199 36 1204 ’
69 1189 141 1245 llujus
150 1201 214 1244 opem
222 1188 331 1245 Calydon,
340 1189 440 1243 quamvis
450 1188 572 1245 Meleagron
582 1189 683 1242 baberet,

67 1263 165 1307 Sollicita
173 1262 263 1319 supplex
271 1263 334 1319 petiit
342 1276 412 1318 prece.
421 1264 491 1306 Causa
500 1264 588 1319 petendi

69 1339 111 1383 Sus
121 1347 178 1389 erat,
187 1335 268 1399 infesta
281 1334 377 1378 famulus
385 1335 506 1391 vindexque
515 1335 593 1379 Dianas.

69 1415 143 1457 OEnea
152 1424 248 1467 namque
257 1409 342 1462 ferunt,
351 1410 409 1466 pleni
420 1410 553 1453 successibus
562 1411 625 1464 anni,

69 1485 190 1533 Primitias,
200 1482 285 1540 frugem
295 1483 377 1534 Cereri,
387 1497 427 1526 sua
436 1483 486 1526 vina
495 1485 567 1542 Lyco,

69 1557 175 1601 Palladios
184 1554 243 1599 tlarae
253 1544 325 1598 latices
335 1554 412 1599 libasse
422 1556 528 1598 Minervae.

69 1636 157 1690 Goeptus
166 1632 194 1674 ab
204 1630 302 1688 agricolis
310 1632 402 1688 Superos
411 1632 545 1690 pervenitad
554 1646 638 1679 omnes.

69 1706 191 1750 Invidiosus
201 1703 282 1746 lronos:
293 1704 349 1747 solas
358 1704 404 1747 sine
413 1714 462 1748 ture
471 1705 554 1749 relictas
702 1696 708 1704 ⁴

68 1779 181 1823 Praeterita
191 1792 281 1822 cessasse
291 1776 365 1821 ierunt
373 1780 472 1822 Letoidos
481 1793 536 1822 aras.

68 1853 147 1911 Tangit
156 1862 178 1896 et
186 1851 218 1893 ira
227 1853 280 1894 Deos
288 1865 293 1891 ε
304 1869 315 1892 a
322 1855 348 1895 At
356 1866 401 1895 non
410 1853 502 1909 impune
511 1852 617 1904 feremus5

68 1928 165 1985 Quaeque
173 1925 318 1977 inhonorata,
328 1938 372 1967 non
381 1935 403 1969 et
411 1926 510 1969 dicemur
519 1924 604 1977 inultae,
616 1967 618 1973 ,
689 1958 691 1960 ψ

68 2002 144 2059 lnquit
152 2017 156 2042 :
164 2016 175 2038 a
185 2009 207 2042 et
214 2000 298 2041 oeneus
307 1999 400 2042 ultorem
410 2009 482 2056 spreta
492 2012 529 2055 per
538 2012 601 2053 agros

68 2076 126 2120 Misit
135 2086 226 2130 aprum,
235 2080 317 2127 quanto
327 2072 421 2129 mpJ'oras
430 2071 520 2113 herbida
528 2080 603 2113 tauros

69 2128 120 2193 fiori
130 2147 195 2188 habet
204 2143 288 2200 Epiroa;
298 2145 335 2186 sed
345 2144 428 2187 habent
436 2142 506 2186 Sicula
515 2156 566 2185 arva
575 2143 677 2187 minores.

70 2212 179 2280 sanquine
188 2227 210 2264 et
217 2218 266 2277 ique
275 2218 359 2264 micant
367 2218 425 2263 oculi
430 2218 501 2277 ,piget
510 2217 578 2261 ardua
586 2218 668 2272 cerain
