1667 2592
103 205 123 234 v.
138 191 187 236 365.
338 193 440 237 ttttttt
457 195 516 238 Vll.
703 209 744 242 att

102 281 263 338 Phoebeamque
272 282 375 335 Rhodon,
384 295 406 328 et
415 283 503 342 Ialysios
511 284 635 338 Telchinas,

102 357 205 413 Quorum
215 356 289 400 oeuloe
298 357 346 414 ipso
355 357 456 402 vitiantes
465 360 541 402 omnia
549 360 597 404 visa

100 429 187 487 Jupiter
196 443 284 482 exosus,
294 430 395 475 fraternis
403 432 502 476 subdidit
510 433 582 476 undis.

100 503 188 547 Transit
197 512 219 547 et
228 503 323 561 antiqua
331 506 432 549 Cartheia
441 506 522 549 maenia
530 508 588 558 cea,

99 577 150 635 Qut
159 587 221 634 pater
229 577 350 622 Alcidamas
358 578 467 636 placidam
476 580 503 622 de
512 593 603 636 corpore
611 590 667 624 natae

101 650 222 694 miraturus
231 661 277 696 erat
286 652 345 697 nasei
354 651 451 708 potuisse
459 652 594 696 columbam.

100 725 156 768 Inde
165 723 225 769 lacus
234 726 307 785 Hyries
316 727 385 778 videt,
394 736 416 771 et
423 728 516 784 Cycneia
525 729 618 785 Tempe,

100 801 155 859 Quae
163 799 249 844 subitus
257 800 373 844 celebravit
382 800 441 844 olor:
451 814 504 843 nam
513 799 608 858 Phyllius
617 800 661 844 illie

100 873 197 929 Imperio
206 873 268 929 pueri
276 873 418 930 volucresque
427 873 543 930 ferumque
552 872 638 917 leonem

99 946 229 991 Tradiderat
237 948 343 1001 domitoe;
353 959 443 992 taurum
453 962 541 1005 quoque
551 949 635 993 vincere
640 947 715 1006 jussus

100 1022 199 1074 Vicerat3
208 1032 241 1075 et,
250 1034 322 1080 spreto
331 1023 395 1067 toties
403 1024 471 1067 iratus
480 1037 566 1077 amore,

96 1097 191 1142 Praemia
199 1098 295 1155 poscenti
306 1108 394 1143 taurum
404 1112 506 1157 suprema
515 1109 611 1156 negarat

96 1171 137 1215 llle
146 1172 282 1229 indignatus,
293 1173 388 1232 «Cupies
396 1174 460 1226 dare,
469 1174 523 1217 dixit
531 1191 535 1215 :
543 1191 555 1213 a
565 1185 587 1217 et
596 1173 641 1217 alto

99 1245 191 1291 Desiluit
200 1261 258 1291 saxo.
266 1248 344 1293 Cuncti
354 1247 454 1292 cecidisse
463 1249 585 1305 putabant:
602 1238 603 1241 ¹

95 1323 176 1369 Factus
185 1320 233 1364 olor
241 1321 309 1365 niveis
318 1320 426 1378 pendebat
435 1320 459 1362 in
467 1334 518 1363 aera
527 1320 610 1378 penum

96 1397 125 1439 dt
134 1395 226 1452 genitrix
235 1395 310 1452 Hyrie,
319 1393 395 1437 serrati
406 1393 488 1445 nescia,
499 1393 571 1436 dendo

96 1470 201 1522 Delicuit3
211 1480 357 1527 stagnumque
366 1482 406 1512 tuo
415 1469 443 1511 de
452 1467 541 1511 nomine
550 1466 608 1512 feeit.

96 1544 187 1601 hdjacet
196 1543 230 1586 his
239 1543 343 1587 Pleuron:
353 1543 376 1585 in
385 1556 429 1598 qua
439 1540 596 1599 trepidantibus
604 1541 643 1586 alls

96 1617 178 1676 Ophias
187 1617 266 1675 effugit
274 1628 378 1662 natorum
388 1617 478 1661 vulnera
486 1618 576 1661 Combe.

96 1695 151 1737 lnde
160 1692 268 1737 Calaureae
276 1692 375 1736 letoidos
384 1692 477 1749 adspicit
484 1705 546 1744 area,

97 1766 243 1826 ineolumem
252 1766 307 1833 teupi
316 1779 369 1809 eum
378 1765 471 1823 conjuge
480 1765 566 1809 conscia
575 1766 637 1823 regis.

95 1843 187 1885 Βοιωτία
195 1840 281 1898 Cyllene
291 1849 335 1884 est:
345 1841 368 1883 in
377 1854 422 1896 qua
431 1852 483 1883 eum
492 1849 562 1883 matre
571 1840 704 1896 Menephron

96 1915 259 1960 Concubitunts
269 1924 326 1964 erat,
335 1927 441 1958 servarum
451 1927 512 1957 more
522 1913 626 1956 ferarum.

95 1990 204 2047 Cephison
213 1990 289 2047 procul
298 1990 349 2033 hinc
359 1989 475 2033 dedentem
485 1987 530 2032 iata
538 1988 622 2044 nepotis

94 2062 189 2121 Respicit
197 2063 220 2106 in
229 2063 338 2106 tumidam
348 2063 432 2106 Phocea
441 2062 469 2104 ab
478 2059 575 2116 Apolline
583 2060 649 2111 verti;

95 2137 223 2194 Eumelique
232 2137 326 2181 domum
335 2135 429 2192 lugentis
437 2135 460 2178 iu
470 2146 519 2178 aere
528 2142 611 2177 natam
