1667 2592
116 194 159 224 κιο
269 160 599 223 nnrtuonrnosno‘u
672 180 759 223 veo&

115 269 169 311 Ante
178 267 245 324 ipsas,
254 281 299 324 quo
309 280 368 309 more
377 266 434 309 foret
442 265 578 318 invidiosior,
587 279 636 310 aras

117 343 167 384 Pars
176 330 273 384 animum
282 341 360 396 laqueo
369 339 486 390 claudunt,
497 340 616 396 mortisque
627 336 734 384 timorem

117 417 187 458 Morte
196 414 285 472 fugant:
295 413 396 470 ultroque
405 423 485 456 vocant
493 414 600 456 venientia
610 413 663 457 fata.

114 489 210 544 Corpora
220 488 285 531 miesn
294 487 342 530 neci
351 486 416 529 uuilie
426 487 453 529 de
463 501 524 529 more
534 486 637 530 feruntur

115 562 249 606 Funeribus:
258 560 397 619 nequeenim
406 559 521 616 capiebant
530 559 608 603 funera
617 570 696 616 poree.

117 637 160 678 dut
168 635 284 678 inhumata
292 644 396 691 premunt
405 643 484 685 terras,
493 643 533 677 aut
541 634 655 689 danturin
664 634 724 678 altoe

117 709 217 751 ludotatn
227 721 296 764 rogoe.
306 710 331 751 Et
336 706 384 763 jum
395 707 513 750 reverentia
522 706 582 749 uuila
591 715 636 749 est:

117 785 189 840 Deque
198 783 255 839 rogis
263 792 373 840 pugnant,
382 781 500 837 alienisque
509 781 596 838 ignibus
604 781 691 824 ardent

118 860 160 915 Qui
170 859 300 916 lacryment,
310 859 400 901 denunt:
410 857 559 913 indefletaeque
567 866 677 912 vagantur

117 935 226 980 Natarum
236 943 376 987 matrumque
384 931 474 981 anime,
480 931 633 987 juvenumque
641 943 779 987 senumque:

118 1010 163 1051 Nee
172 1007 233 1050 locus
241 1007 264 1049 in
273 1006 382 1058 tumulos,
391 1020 431 1048 nee
440 1005 523 1049 sufficit
531 1005 597 1047 arbor
604 1005 628 1047 in
638 1003 710 1061 ignes.

143 1157 181 1199 XI.
191 1156 333 1198 «drroutrue
342 1162 402 1197 tento
412 1153 543 1196 miserarum
552 1151 641 1195 turbine
649 1165 741 1205 rerum,
812 1170 814 1174 ³

65 1253 68 1257 >
116 1229 200 1286 Jupiter
209 1229 234 1271 o!
244 1227 298 1280 diri,
308 1227 326 1271 si
336 1237 357 1271 te
365 1241 410 1269 non
420 1225 474 1269 falsa
483 1226 604 1282 loquuntur

117 1304 189 1356 Dicta,
198 1303 239 1345 eub
249 1290 360 1358 ampiexus
369 1300 447 1357 Eginaz
455 1299 558 1356 Asopidos
567 1298 619 1350 isoe3

70 1396 75 1408 ι
119 1378 163 1420 Nec
173 1387 205 1427 te,
214 1388 292 1432 magne
301 1383 373 1431 pater,
382 1373 451 1416 nostri
460 1374 528 1429 pudet
536 1385 582 1414 esee
590 1380 721 1427 parentem

117 1452 160 1496 dut
169 1449 224 1493 mihi
234 1449 298 1493 redde
307 1462 378 1498 meos,
387 1458 427 1490 aut
436 1461 472 1490 me
481 1460 568 1504 quoque
576 1446 647 1489 conde
655 1446 768 1502 sepulcro.

116 1524 154 1568 Ilie
163 1532 239 1566 uotam
247 1521 333 1578 fulgore
341 1520 411 1572 dedit,
421 1519 547 1574 tonitruque
556 1518 659 1562 mundo.

117 1597 214 1654 Accipio,
223 1596 312 1651 Simque
320 1595 372 1645 ieta,
381 1607 464 1650 precor,
474 1592 544 1636 felicia
553 1591 633 1635 mentis

117 1672 182 1728 Signa
192 1680 245 1719 tun,
254 1667 311 1711 diri:
321 1668 380 1724 quod
389 1667 428 1708 das
437 1665 503 1718 mihi,
512 1665 625 1722 pigneror,
633 1677 711 1709 omen.

147 1763 159 1786 e
165 1747 228 1788 Forte
236 1741 280 1785 fuit
284 1741 349 1798 juxta
357 1739 437 1797 patulis
446 1739 556 1782 rarissima
564 1738 631 1781 rnmir

117 1824 181 1866 Sacra
189 1817 236 1868 Jovi
244 1827 337 1873 quercus
345 1814 372 1856 de
380 1812 463 1855 eemine
471 1812 586 1855 Dodonaeo.

117 1898 155 1941 flio
163 1908 203 1938 uos
212 1890 326 1948 frugilegas
335 1888 472 1945 adspeximus
481 1886 567 1944 agmine
576 1885 641 1942 iongo

117 1969 201 2016 Grande
209 1979 265 2009 onus
274 1963 351 2021 exiguo
360 1961 463 2004 formicae
472 1974 510 2003 ore
519 1968 627 2017 gerentes,

115 2049 243 2101 Rugoeoque
252 2052 318 2082 suum
327 2046 434 2080 eervautoe
444 2035 523 2078 cortice
531 2033 615 2078 cadem.
652 2028 654 2031 ’

115 2122 173 2161 Dum
182 2127 301 2158 numerum
309 2112 388 2163 miror,
396 2110 508 2159 Totidem,
517 2107 681 2166 paeruptum,
690 2107 751 2162 dixi,

115 2192 150 2234 Tu
159 2186 213 2231 mihi
221 2186 250 2229 da
257 2184 324 2239 circe,
333 2193 355 2228 et
362 2182 436 2227 inania
445 2181 526 2226 moeuiu
533 2180 616 2239 supple.
