1667 2592
67 197 88 226 v.
102 185 151 228 ωε.
309 162 409 228 trina
425 186 468 227 tx.
666 194 708 235 2⁷7

66 273 125 328 Saepe
135 279 279 315 retentantem
289 280 345 315 totas
355 271 559 329 resurgeremus,

67 346 247 402 sternentemque
257 346 339 397 trabes,
349 346 520 401 irascentemque
529 345 610 387 videres

67 420 192 472 Montibus,
201 429 240 464 aut
249 420 319 478 patrio
329 423 453 465 tendentem
464 420 554 463 brachia
561 418 621 462 coeio.

97 568 134 609 tv.
145 567 201 610 Eccr
210 567 290 611 Lichan
299 568 420 624 trepidum,
430 577 452 610 et
460 566 582 610 latitantem
592 578 646 621 rupe
655 572 730 607 cavata

69 640 178 698 Adspicit:
188 650 257 696 utque
265 641 328 684 dolor
337 641 421 684 rabiem
430 640 545 697 collegerat
553 652 655 690 omnem,

70 717 161 767 «Tune,
170 715 246 769 Licha,
255 716 320 768 dixit,
330 715 405 758 feralia
414 716 473 757 dona
483 713 562 757 tulisti?

68 792 132 832 Time
141 802 195 832 mea
204 789 262 833 necis
270 799 347 832 auctor
356 789 409 831 erist
416 805 428 827 a
437 788 521 831 Tremit
529 786 575 837 iiie,
585 794 691 842 paretque

69 862 176 915 Pallidus,
185 873 208 906 et
216 863 292 908 timide
301 863 367 905 verba
375 862 500 905 excusantia
508 860 567 903 dicit.

69 937 193 988 Dicentem,
203 936 338 994 genibusque
347 949 428 979 manus
436 935 539 978 adbibere
548 941 674 990 parantem,

70 1009 167 1067 Corripit
174 1008 267 1059 bleidea,
277 1019 299 1052 et
309 1019 384 1065 terque
392 1018 514 1065 quaterque
523 1016 620 1050 rotatum

72 1084 141 1128 Mittit
149 1084 172 1126 in
181 1083 299 1135 Euboicae,
310 1093 420 1128 tormento
430 1083 521 1134 fortius,
530 1082 607 1126 undas.

69 1155 109 1200 tlte
118 1169 157 1213 per
166 1157 233 1200 aeriae
242 1158 337 1214 pendent
346 1157 446 1200 induruit
454 1168 526 1198 auras.

72 1232 144 1287 thue
154 1230 228 1275 ierunt
236 1232 317 1275 imbree
327 1231 402 1288 gelidis
410 1243 548 1273 concrescere
557 1228 638 1281 ventis;

72 1305 126 1347 Inde
135 1304 194 1348 niret
203 1305 260 1356 tieri3
270 1305 357 1348 nivibus
366 1317 454 1360 quoque
465 1301 530 1344 molle
540 1301 615 1344 rotatis

73 1378 193 1435 Adstrinqi,
202 1388 224 1421 et
232 1379 299 1435 episaa
308 1377 424 1434 glomerari
433 1375 539 1433 grandine
548 1388 639 1432 corpus:

73 1453 110 1496 Sic
119 1452 182 1495 iilum
192 1452 267 1495 validis
276 1463 350 1496 netum
359 1465 398 1508 per
407 1451 473 1494 inane
482 1450 578 1501 lacertis,

72 1529 251 1582 uumquemque
259 1536 326 1571 metu.
332 1539 372 1568 nee
379 1526 501 1581 quidquam
509 1523 609 1567 humoris
616 1523 741 1576 habentem,

73 1604 100 1645 ln
110 1601 189 1656 rigidae
198 1614 284 1643 versum
294 1599 363 1643 silicea
372 1599 432 1656 prior
440 1598 508 1641 edidit
516 1608 574 1641 aetaa.

73 1679 141 1722 Nunc
149 1688 237 1731 quoque
245 1675 268 1718 in
276 1674 372 1718 Euboico
380 1674 484 1731 scopulus
493 1674 564 1716 brevis
572 1673 653 1717 emieat
661 1671 706 1716 alte

74 1750 176 1807 Gurgite,
185 1758 207 1792 et
215 1748 317 1793 bumanae
325 1759 396 1792 servat
405 1748 494 1804 vestigia
503 1747 587 1790 formae.

74 1828 160 1886 Quem,
169 1823 231 1880 quati
241 1838 367 1876 tenturum,
376 1834 450 1869 nautae
459 1823 541 1866 calcare
550 1832 663 1872 verentur,

74 1898 233 1958 Appellantque
241 1898 327 1941 Lichan.
337 1902 365 1942 dt
374 1909 410 1949 tu,
418 1898 477 1940 lovis
486 1895 567 1953 inclyta
575 1893 659 1951 proies,

76 1974 197 2020 Arboribus
206 1973 277 2025 canis,
286 1987 340 2030 quae
349 1975 417 2017 ardua
426 1979 520 2029 gesserat
527 1970 591 2019 OEte,

74 2050 145 2105 inque
154 2060 232 2105 pyram
241 2046 340 2097 structis,
349 2060 424 2095 arcus,
433 2045 601 2102 pharetramque
610 2053 724 2097 capacem,

76 2123 193 2177 lteqnaque
204 2119 285 2163 visurae
294 2118 375 2163 iterum
383 2118 479 2173 Trojano
487 2114 587 2170 sagittae,

78 2196 142 2238 Ferre
147 2193 214 2251 iubet
222 2195 307 2238 teano
316 2201 400 2247 tatum3
409 2204 454 2248 qno
464 2178 555 2233 flamma
563 2186 664 2231 ministro
