1667 2592
114 176 144 228 hd
270 175 600 221 merestona-esaon
673 194 695 224 v.
709 185 766 227 233.

117 266 209 321 Quoque
218 273 263 313 eat.
273 274 312 306 aut
322 265 360 307 ubi
370 264 478 321 sit‚.picea
487 265 578 322 caligine
587 277 657 310 tectus

115 335 198 387 Neseit;
208 345 230 379 et
239 337 329 379 arbitrio
335 337 453 379 voluerum
465 348 563 394 raptatur
572 353 689 396 equorum.

35 424 38 429 ’
114 409 223 465 Sanguine
233 420 281 453 tum
290 411 413 454 credentia
423 426 514 467 corpora
523 426 610 456 summa
620 426 712 470 vocato,

115 482 244 539 ethiopum,
250 483 342 539 populos
350 485 439 540 nigrum
449 486 536 529 traxisse
545 486 648 533 colorem.

115 559 172 601 Tum
183 556 241 600 faeta
250 567 282 600 est
290 558 365 615 Libye.
376 560 442 614 raptis
451 560 582 604 humoribus
590 572 657 615 estu,

115 630 189 677 Arida:
201 639 248 673 tum
260 631 365 688 Nymphae
375 631 442 687 passis
452 632 565 689 fontesque
574 634 680 692 lacusque

114 703 221 746 Deflevere
231 704 305 747 comis.
315 706 396 761 Quaerit
405 707 484 749 Boeotia
492 707 580 760 Dircen,

114 780 181 833 Argos
190 779 338 836 Amymonen,
347 779 431 836 Ephyre
440 779 547 823 Pirenidas
557 782 633 825 undas.

114 852 159 892 Nec
168 850 244 894 sortita
252 850 301 892 ioco
310 851 413 894 distantes
423 850 515 894 flumina
524 853 581 909 ripas

114 927 170 968 Tuta
180 934 282 968 manent:
292 925 369 967 mediis
378 926 456 967 Tanais
465 925 558 970 fumavit
567 928 590 970 in
600 928 678 984 undis,

113 999 236 1053 Peneosque
244 1010 319 1047 renea,
329 998 530 1055 Teuthranteusque
539 999 626 1052 Caicus,

114 1072 141 1114 Et
150 1070 206 1113 celer
215 1073 322 1121 Ismenos,
331 1085 383 1113 cum
393 1071 498 1114 Phocaico
506 1074 652 1130 Erymanth03

114 1146 249 1198 Arsurusque
258 1142 338 1186 iterum
348 1144 461 1194 Xanthus,
470 1144 582 1203 flavusque
591 1150 724 1204 Lycormas,

114 1215 199 1275 Quique
208 1215 325 1260 recurvatis
332 1216 390 1260 ludit
399 1219 519 1261 Maeandros
527 1219 550 1262 in
560 1221 636 1274 undis;

113 1289 285 1348 Mygdoniusque
294 1289 370 1339 Melas,
380 1300 402 1333 et
414 1292 520 1335 serranus
529 1295 626 1337 Eurotas.

114 1365 170 1408 ursit
179 1375 201 1408 et
209 1368 327 1421 Euphrates
337 1366 478 1424 Babylonius,
486 1367 539 1411 arsit
548 1369 650 1422 Orontes,

114 1440 295 1497 Thermodonque
304 1443 371 1492 citus,
380 1443 516 1498 Gangesque,
526 1452 548 1486 et
557 1428 640 1497 Phasis,
649 1455 672 1488 et
681 1448 744 1491 Ister.

112 1516 194 1556 AEstuat
203 1514 306 1571 Alpheos:
316 1515 368 1572 ripae
377 1516 514 1572 Spercheides
522 1517 612 1560 ardent:

112 1587 218 1645 Quodque
228 1601 268 1630 suo
277 1590 347 1645 Tagus
356 1603 421 1631 amne
432 1589 500 1640 vehit,
510 1589 560 1632 fluit
568 1590 666 1646 ignibus,
676 1608 770 1639 aurum.

112 1662 149 1710 Et,
158 1674 206 1715 quae
216 1660 317 1703 Maeonias
326 1662 460 1705 celebrarant
468 1663 565 1705 carmine
575 1664 644 1720 ripae,

112 1733 230 1776 Flumineae
240 1736 337 1777 volucres
346 1736 418 1778 medio
428 1737 513 1778 caluere
522 1739 618 1794 Caystro.

113 1805 175 1850 Nilus
184 1805 206 1847 in
216 1815 337 1848 extremuni
348 1806 404 1862 fugit
413 1808 539 1864 perterritus
548 1811 638 1864 orbem,

112 1879 254 1934 Ocenluitque
263 1890 339 1935 caput,
348 1882 407 1935 quod
416 1883 489 1924 adhue
498 1882 556 1925 latet
566 1884 624 1926 Ostia
633 1896 721 1942 septem

110 1954 260 1996 Pulveruleuta
270 1963 356 2003 vacant,
366 1964 448 2010 septem
458 1956 505 1997 sine
514 1956 605 1999 humine
615 1959 688 2003 valles.

111 2029 162 2069 Fore
171 2028 246 2069 eadem
256 2028 356 2070 Ismarios
365 2029 461 2070 Hebrum
471 2044 523 2072 curn
532 2038 647 2087 strymone
658 2033 740 2087 siccat,

110 2101 790 2167 Hesperiosqueamneahhenum,Rhodanumque,Padumqne,

107 2173 193 2230 Cuique
202 2173 244 2217 fuit
253 2187 326 2216 rerum
336 2175 443 2230 promissa
451 2177 557 2232 potentia,
567 2178 655 2235 Tybris
