1667 2592
92 181 161 237 adq.
316 180 416 224 IIBER
433 182 509 224 VIII.
575 193 577 197 ·
670 180 730 225 '235

91 272 126 321 Si,
135 283 183 326 qua
192 278 213 313 te
222 269 297 326 genuit
302 250 311 320 ,Ι
316 269 376 321 talis,
385 269 531 327 pulcherrime
540 283 625 322 rerum,

92 341 168 401 Qualis
176 355 199 384 es
208 341 264 397 ipse,
273 341 327 393 futu
337 342 416 385 merito
426 345 481 385 Deus
490 343 542 386 arsit
551 344 574 385 in
583 343 627 385 illa.

92 417 111 459 0
121 429 161 471 equ
170 424 203 458 ter
212 414 274 467 felix,
283 415 302 458 si
311 416 387 471 pennis
396 415 455 472 lapsa
465 430 505 472 per
512 430 576 459 auras

92 488 192 533 Gnosiaci
202 489 283 544 possim
292 489 368 531 eastris
375 489 473 532 insistere
482 490 551 546 regis:

92 564 201 618 Fassaque
211 576 258 613 me,
268 562 412 619 dammasque
422 577 492 613 meas,
501 578 546 620 qua
555 564 616 615 dote,
626 577 735 622 rogarem,

92 634 165 679 Vellet
174 636 228 677 emi!
239 624 326 679 tanturn
336 636 416 692 patrias
425 650 453 679 ne
463 648 559 692 posceret
567 651 633 680 arces.

79 724 82 729 ·
92 712 152 754 Nam
162 721 252 766 pereant
260 711 333 767 potius
342 720 427 768 sperata
436 711 526 767 cubilia,
536 726 603 769 quam
612 712 654 755 sim

94 783 220 827 Proditione
228 795 318 840 petens:
328 784 428 840 quamvis
437 797 493 840 sape
502 784 555 827 utile
564 784 620 828 vinci

93 858 189 901 Victoris
198 858 276 914 placidi
287 857 338 906 feeit
346 858 462 901 elementia
471 858 553 901 multis.

93 935 157 976 Iusta
166 930 219 975 iacit
227 942 284 975 certe
293 947 333 989 pro
343 941 394 975 nato
404 932 461 975 bella
471 943 579 989 peremto;

92 1007 119 1049 In
130 1019 237 1062 causaque
246 1005 302 1050 valet
310 1022 315 1046 :
324 1021 456 1063 causamque
465 1007 576 1050 tuentibus
585 1007 663 1059 armis,

94 1082 126 1123 Ut
134 1089 199 1136 puto,
209 1068 328 1123 rineemur.
337 1081 379 1137 Qui
390 1081 407 1123 si
417 1092 492 1125 manet
500 1081 570 1125 exitus
579 1082 668 1133 urbem,

94 1155 141 1197 Cur
149 1166 202 1195 suus
211 1153 256 1196 haec
266 1152 296 1195 illi
306 1153 408 1196 reserabit
418 1153 499 1196 moenia
508 1156 602 1203 Mavors,
617 1159 619 1161 ’

95 1228 124 1269 Et
133 1237 177 1267 non
186 1235 259 1268 noster
268 1231 342 1268 amort
351 1225 430 1268 melius
438 1226 485 1268 side
494 1226 561 1276 caede,
571 1240 687 1282 moraque,

96 1301 242 1356 Impeneaque
251 1300 285 1342 sui
294 1299 373 1356 peterit
381 1313 484 1356 superare
493 1300 582 1343 cruoris.

95 1376 156 1417 Nam
167 1382 242 1416 metuo
251 1382 319 1422 certe.
329 1371 415 1427 nequis
426 1381 464 1414 tua
472 1381 571 1428 pectora,
581 1371 665 1423 trinosg

95 1445 203 1490 Vulneret
211 1445 345 1502 imprudens.
355 1444 409 1502 Quis
417 1445 476 1487 enim
486 1454 531 1488 tam
541 1444 611 1495 dirus,
621 1454 646 1488 nt
655 1444 678 1487 irr
688 1454 710 1487 te

95 1518 191 1574 Dirigere
200 1518 321 1569 immitem,
331 1517 372 1560 nisi
381 1517 478 1569 nescius,
487 1518 566 1560 audeat
575 1517 671 1560 hastami

24 1609 29 1620 ¹
95 1594 172 1649 Gtepta
181 1591 278 1649 placent,
288 1602 309 1635 et
317 1601 360 1636 stat
368 1591 475 1634 tentantia
485 1592 567 1634 tradere
576 1604 665 1634 meeum

96 1666 198 1710 Dotalem
207 1666 312 1723 patriam,
322 1667 434 1722 finemque
442 1667 554 1723 imponere
563 1665 626 1709 bello.

98 1741 183 1783 Verum
193 1738 246 1781 velle
255 1753 335 1796 parum
343 1749 382 1783 est.
391 1740 468 1783 Aditus
476 1739 573 1782 custodia
583 1751 665 1792 servat;

98 1811 241 1867 claustraque
250 1821 364 1867 portarum
374 1812 458 1869 genitor
468 1822 532 1855 tenet.
541 1814 603 1855 IIune
612 1812 733 1869 ego‘solum

97 1886 176 1929 Infelix
185 1886 264 1929 timeo:
275 1886 333 1930 seius
343 1901 392 1929 mea
401 1897 451 1931 vota
460 1896 565 1929 moratur.

97 1960 125 2002 m
135 1959 241 2011 Iacerent,
250 1959 296 2002 sine
305 1969 366 2016 patre
376 1959 457 2002 forem!
466 1959 507 2002 eibi
516 1959 608 2014 quisque
617 1957 716 2015 proiectu

98 2033 134 2077 Fit
143 2035 198 2076 Deus
207 2050 212 2076 ε
222 2033 303 2089 ignavis
312 2034 412 2090 precibus
422 2035 517 2075 Fortuna
527 2041 638 2087 repugnat.

98 2105 171 2151 altera
177 2106 313 2163 Jamdudum
322 2121 425 2150 succensa
434 2104 539 2161 Cupidine
549 2113 610 2147 tanto

98 2181 189 2228 Perdere
198 2182 312 2238 gauderet,
322 2181 468 2238 quodeunque
477 2179 573 2222 obstaret
582 2178 659 2221 amori.

635 2253 667 2295 16.
