1667 2592
109 177 153 230 214
261 170 594 217 anathor-cnosson
668 168 757 223 vara

67 318 71 324 Δ
107 265 177 307 Tutus
186 264 214 306 ad
222 262 351 314 Alcathoen,
361 261 457 318 Lelegeia
466 259 557 310 moenia,
566 258 630 302 limes

107 338 233 395 Composito
243 337 331 381 Scirone
339 347 411 393 patet:
422 335 534 392 sparsique
543 333 635 377 latronis

107 411 173 456 Terra
182 421 247 469 negat
256 412 341 461 sedem,
350 411 424 453 sedem
433 419 499 466 negat
507 409 592 452 ossibus
600 408 674 462 unda,

107 486 160 542 Quae
166 485 250 541 jactata
259 485 297 527 diu
307 483 377 527 leram
386 484 475 525 durasse
484 491 579 525 vetustas

107 559 133 600 ln
142 557 252 617 scopulos:
262 557 357 614 scopulis
366 569 447 598 nomen
457 554 551 598 Scironis
560 554 657 597 inhaeret.

107 630 129 673 si
139 631 214 674 titulos
222 645 334 687 annosque
344 640 393 674 tuos
403 642 520 672 numerare
530 628 633 679 relimns;

108 707 172 748 Facta
182 716 282 761 premant
291 719 367 748 annos.
376 707 416 747 Pro
427 713 458 755 te,
469 703 597 754 fortissime,
606 712 660 746 vota

108 780 195 822 Publica
204 780 348 836 suscipimus:
358 779 434 823 Bacchi
444 779 484 822 tibi
493 779 604 821 sumimus
612 777 717 822 haustus.

107 854 218 897 Consonat
226 867 314 896 assensu
323 853 409 910 populi,
419 852 563 909 precibusque
573 850 690 896 faventum

107 927 172 984 llegia
180 944 185 969 :
195 941 234 969 nec
245 936 289 971 tota
300 927 365 971 tristis
373 927 435 970 locus
443 926 502 969 ullus
511 926 535 968 in
544 926 599 968 urbe
607 934 647 968 est.

137 1002 181 1043 Nec
192 1009 265 1042 tamen
275 1000 420 1056 (usqueadeo
430 999 485 1042 nulli
494 999 577 1042 sincera
587 998 703 1056 voluptas,

108 1074 241 1131 Sollicitique
249 1074 332 1130 aliquid
341 1073 394 1118 latis
403 1074 519 1118 intervenit
525 1074 544 1131 !)
554 1078 630 1131 Egens

108 1149 192 1194 Gaudia
200 1149 306 1207 percepit,
316 1160 368 1192 nato
376 1162 453 1193 secura
462 1159 556 1206 recepto.

106 1222 164 1267 Bella
173 1232 236 1279 parat
245 1223 325 1276 Minos,
335 1223 372 1280 qui
383 1236 520 1280 quamquem
530 1222 611 1274 milite,
620 1236 763 1280 quamquam

107 1299 178 1343 Classe
189 1299 254 1350 valet,
264 1299 335 1355 patria
345 1308 419 1343 tamen
428 1308 460 1342 est
470 1297 609 1362 firmissimus
618 1299 664 1351 lrar

108 1374 258 1431 Androgeique
267 1388 344 1418 necem
350 1374 416 1432 justis
426 1374 538 1417 ulciscitur
546 1374 622 1417 armis.

106 1450 161 1494 Ante
172 1459 245 1492 tamen
254 1447 312 1492 hello
320 1449 375 1492 vires
384 1448 477 1504 acquirit
486 1447 578 1499 amicas;

107 1524 198 1579 Quaque
207 1531 284 1579 potens
294 1522 391 1573 habitus,
401 1520 484 1564 volueri
494 1521 549 1564 freta
558 1521 625 1564 alasse
634 1532 742 1578 pererrat.

107 1595 161 1640 llinc
170 1594 274 1651 Anaphen
283 1596 325 1638 sihi
331 1595 416 1653 jungit,
427 1606 449 1639 et
457 1594 578 1653 Astypaleia
587 1609 666 1651 ἡμᾶς

106 1670 219 1714 Promissis
227 1670 343 1727 Anaphen,
353 1684 420 1727 regna
427 1669 548 1728 Astypaleia
557 1668 614 1712 hello
623 1686 628 1711 ι

107 1744 162 1789 llinc
171 1743 279 1787 humilem
289 1746 409 1801 Myconon,
418 1753 545 1800 cretosaque
555 1757 606 1787 rura
614 1743 709 1796 Cimoli,

106 1818 273 1874 Florentemque
281 1817 393 1875 cythnos,
402 1818 495 1875 Scyron,
504 1817 637 1873 planamque
646 1818 766 1875 Seriphon,

107 1894 297 1947 Marmoreamque
305 1893 387 1943 Paron,
396 1904 508 1947 quamque
517 1891 584 1948 impia
594 1890 693 1947 prodidit
701 1894 759 1936 Arne

106 1966 213 2019 Sithonis,
222 1975 321 2022 accepto,
329 1966 390 2022 quod
398 1979 464 2008 avara
472 1975 610 2022 poposcerat,
619 1978 684 2008 auro.

106 2041 191 2082 Mutata
199 2050 232 2083 est
241 2038 264 2081 in
273 2052 347 2090 arem,
356 2051 405 2094 qua
414 2052 474 2081 nunc
482 2052 571 2095 quoque
579 2037 650 2094 diligit
658 2051 754 2094 aarum

106 2113 174 2168 Nigra
183 2114 272 2169 pedem,
282 2112 350 2169 nigris
358 2112 427 2156 velata
436 2112 555 2156 monedula
564 2112 647 2169 peams.

107 2187 134 2228 At
142 2198 187 2228 non
196 2184 290 2238 Oliaros,
300 2185 449 2244 Didymaeque,
459 2195 481 2229 et
489 2187 570 2239 Tenos,
580 2194 602 2229 et
609 2185 710 2241 Andros,
