<?xml version="1.0" encoding="UTF-8"?>
<!DOCTYPE html PUBLIC "-//W3C//DTD XHTML 1.0 Transitional//EN"
    "http://www.w3.org/TR/xhtml1/DTD/xhtml1-transitional.dtd">
<html xmlns="http://www.w3.org/1999/xhtml" xml:lang="en" lang="en">
 <head>
  <title>
</title>
<meta http-equiv="Content-Type" content="text/html;charset=utf-8" />
  <meta name='ocr-system' content='tesseract 3.04.00' />
  <meta name='ocr-capabilities' content='ocr_page ocr_carea ocr_par ocr_line ocrx_word'/>
</head>
<body>
  <div class='ocr_page' id='page_1' title='image "./opera00accugoog/opera00accugoog_0286.png"; bbox 0 0 1667 2592; ppageno 0'>
   <div class='ocr_carea' id='block_1_1' title="bbox 144 192 788 245">
    <p class='ocr_par' dir='ltr' id='par_1_1' title="bbox 144 192 788 245">
     <span class='ocr_line' id='line_1_1' title="bbox 144 192 788 245; baseline 0.002 -11"><span class='ocrx_word' id='word_1_1' title='bbox 144 205 186 245; x_wconf 82' lang='lat'>²7⁰</span> <span class='ocrx_word' id='word_1_2' title='bbox 296 192 629 235; x_wconf 72' lang='lat' dir='ltr'><strong>METAMORPHOSEON</strong></span> <span class='ocrx_word' id='word_1_3' title='bbox 720 208 788 237; x_wconf 73' lang='lat' dir='ltr'>mr.</span> 
     </span>
    </p>
   </div>
   <div class='ocr_carea' id='block_1_2' title="bbox 139 281 784 2255">
    <p class='ocr_par' dir='ltr' id='par_1_2' title="bbox 142 281 709 632">
     <span class='ocr_line' id='line_1_2' title="bbox 143 281 700 339; baseline 0.004 -14"><span class='ocrx_word' id='word_1_4' title='bbox 143 282 204 333; x_wconf 84' lang='lat' dir='ltr'>Odit,</span> <span class='ocrx_word' id='word_1_5' title='bbox 214 290 236 325; x_wconf 88' lang='lat' dir='ltr'>et</span> <span class='ocrx_word' id='word_1_6' title='bbox 245 281 316 324; x_wconf 87' lang='lat' dir='ltr'>omnis</span> <span class='ocrx_word' id='word_1_7' title='bbox 326 283 387 325; x_wconf 85' lang='lat' dir='ltr'>abest</span> <span class='ocrx_word' id='word_1_8' title='bbox 392 281 506 338; x_wconf 90' lang='lat' dir='ltr'>jussorum</span> <span class='ocrx_word' id='word_1_9' title='bbox 515 296 579 339; x_wconf 75' lang='lat' dir='ltr'>prena</span> <span class='ocrx_word' id='word_1_10' title='bbox 588 283 700 327; x_wconf 82' lang='lat' dir='ltr'>laborum.</span> 
     </span>
     <span class='ocr_line' id='line_1_3' title="bbox 143 356 690 413; baseline 0.004 -14"><span class='ocrx_word' id='word_1_11' title='bbox 143 357 199 399; x_wconf 85' lang='lat' dir='ltr'>Nem</span> <span class='ocrx_word' id='word_1_12' title='bbox 211 358 270 411; x_wconf 91' lang='lat' dir='ltr'>quod</span> <span class='ocrx_word' id='word_1_13' title='bbox 280 367 300 400; x_wconf 96' lang='lat' dir='ltr'>te</span> <span class='ocrx_word' id='word_1_14' title='bbox 307 356 376 413; x_wconf 79' lang='lat' dir='ltr'>jactas</span> <span class='ocrx_word' id='word_1_15' title='bbox 385 357 489 400; x_wconf 79' lang='lat' dir='ltr'><strong>Alcmena</strong></span> <span class='ocrx_word' id='word_1_16' title='bbox 498 368 568 401; x_wconf 85' lang='lat' dir='ltr'>matre</span> <span class='ocrx_word' id='word_1_17' title='bbox 577 368 690 409; x_wconf 68' lang='lat' dir='ltr'>creatum</span> 
     </span>
     <span class='ocr_line' id='line_1_4' title="bbox 142 430 709 486; baseline 0.004 -15"><span class='ocrx_word' id='word_1_18' title='bbox 142 430 226 485; x_wconf 77' lang='lat' dir='ltr'>Jupiter</span> <span class='ocrx_word' id='word_1_19' title='bbox 235 441 273 473; x_wconf 80' lang='lat' dir='ltr'>eut</span> <span class='ocrx_word' id='word_1_20' title='bbox 283 430 349 473; x_wconf 81' lang='lat' dir='ltr'>irrisus</span> <span class='ocrx_word' id='word_1_21' title='bbox 359 440 420 486; x_wconf 82' lang='lat' dir='ltr'>pater</span> <span class='ocrx_word' id='word_1_22' title='bbox 429 441 471 481; x_wconf 88' lang='lat' dir='ltr'>est,</span> <span class='ocrx_word' id='word_1_23' title='bbox 481 440 520 473; x_wconf 80' lang='lat' dir='ltr'>out</span> <span class='ocrx_word' id='word_1_24' title='bbox 528 432 620 473; x_wconf 88' lang='lat' dir='ltr'>crimine</span> <span class='ocrx_word' id='word_1_25' title='bbox 628 446 694 475; x_wconf 83' lang='lat' dir='ltr'>verns</span> <span class='ocrx_word' id='word_1_26' title='bbox 703 447 709 473; x_wconf 73' lang='grc' dir='ltr'><strong><em>ε</em></strong></span> 
     </span>
     <span class='ocr_line' id='line_1_5' title="bbox 143 504 668 561; baseline 0.006 -16"><span class='ocrx_word' id='word_1_27' title='bbox 143 504 217 545; x_wconf 84' lang='lat' dir='ltr'>Matris</span> <span class='ocrx_word' id='word_1_28' title='bbox 229 504 335 547; x_wconf 83' lang='lat' dir='ltr'>adulterio</span> <span class='ocrx_word' id='word_1_29' title='bbox 345 515 428 560; x_wconf 80' lang='lat' dir='ltr'>patrem</span> <span class='ocrx_word' id='word_1_30' title='bbox 438 504 498 560; x_wconf 87' lang='lat' dir='ltr'>petis.</span> <span class='ocrx_word' id='word_1_31' title='bbox 509 504 578 561; x_wconf 79' lang='lat' dir='ltr'>Elige,</span> <span class='ocrx_word' id='word_1_32' title='bbox 588 504 668 548; x_wconf 86' lang='lat' dir='ltr'>fictum</span> 
     </span>
     <span class='ocr_line' id='line_1_6' title="bbox 142 576 670 632; baseline 0.004 -15"><span class='ocrx_word' id='word_1_33' title='bbox 142 577 191 617; x_wconf 87' lang='lat' dir='ltr'>Esse</span> <span class='ocrx_word' id='word_1_34' title='bbox 200 578 275 618; x_wconf 74' lang='lat' dir='ltr'>iorem</span> <span class='ocrx_word' id='word_1_35' title='bbox 287 576 359 623; x_wconf 77' lang='lat' dir='ltr'>melis,</span> <span class='ocrx_word' id='word_1_36' title='bbox 370 591 398 619; x_wconf 79' lang='lat' dir='ltr'>nn</span> <span class='ocrx_word' id='word_1_37' title='bbox 408 589 428 619; x_wconf 86' lang='lat' dir='ltr'>te</span> <span class='ocrx_word' id='word_1_38' title='bbox 437 590 476 632; x_wconf 92' lang='lat' dir='ltr'>per</span> <span class='ocrx_word' id='word_1_39' title='bbox 484 578 577 618; x_wconf 84' lang='lat' dir='ltr'>dedecus</span> <span class='ocrx_word' id='word_1_40' title='bbox 586 586 670 619; x_wconf 86' lang='lat' dir='ltr'>ortum.</span> 
     </span>
    </p>

    <p class='ocr_par' dir='ltr' id='par_1_3' title="bbox 141 649 783 1296">
     <span class='ocr_line' id='line_1_7' title="bbox 174 649 676 706; baseline 0 -15"><span class='ocrx_word' id='word_1_41' title='bbox 174 651 250 693; x_wconf 78' lang='lat' dir='ltr'>«Talin</span> <span class='ocrx_word' id='word_1_42' title='bbox 260 652 366 694; x_wconf 80' lang='lat' dir='ltr'>dicentem</span> <span class='ocrx_word' id='word_1_43' title='bbox 373 651 509 706; x_wconf 80' lang='lat' dir='ltr'>jamdudum</span> <span class='ocrx_word' id='word_1_44' title='bbox 519 649 602 691; x_wconf 88' lang='lat' dir='ltr'>iumine</span> <span class='ocrx_word' id='word_1_45' title='bbox 613 659 676 692; x_wconf 85' lang='lat' dir='ltr'>torvo</span> 
     </span>
     <span class='ocr_line' id='line_1_8' title="bbox 143 722 683 783; baseline -0.009 -14"><span class='ocrx_word' id='word_1_46' title='bbox 143 728 239 783; x_wconf 76' lang='lat' dir='ltr'>Spectet,</span> <span class='ocrx_word' id='word_1_47' title='bbox 249 735 270 767; x_wconf 92' lang='lat' dir='ltr'>et</span> <span class='ocrx_word' id='word_1_48' title='bbox 280 738 373 767; x_wconf 73' lang='lat' dir='ltr'>accense</span> <span class='ocrx_word' id='word_1_49' title='bbox 382 738 426 766; x_wconf 90' lang='lat' dir='ltr'>non</span> <span class='ocrx_word' id='word_1_50' title='bbox 436 722 521 765; x_wconf 83' lang='lat' dir='ltr'>fortiter</span> <span class='ocrx_word' id='word_1_51' title='bbox 530 723 624 778; x_wconf 82' lang='lat' dir='ltr'>imperat</span> <span class='ocrx_word' id='word_1_52' title='bbox 632 723 683 774; x_wconf 79' lang='lat' dir='ltr'>irae;</span> 
     </span>
     <span class='ocr_line' id='line_1_9' title="bbox 141 796 753 854; baseline -0.007 -11"><span class='ocrx_word' id='word_1_53' title='bbox 141 801 256 854; x_wconf 81' lang='lat' dir='ltr'>Verbaque</span> <span class='ocrx_word' id='word_1_54' title='bbox 267 809 299 841; x_wconf 89' lang='lat' dir='ltr'>tot</span> <span class='ocrx_word' id='word_1_55' title='bbox 309 798 391 840; x_wconf 83' lang='lat' dir='ltr'>reddit:</span> <span class='ocrx_word' id='word_1_56' title='bbox 403 815 414 836; x_wconf 75' lang='lat' dir='ltr'>u</span> <span class='ocrx_word' id='word_1_57' title='bbox 421 796 497 839; x_wconf 85' lang='lat' dir='ltr'>Melior</span> <span class='ocrx_word' id='word_1_58' title='bbox 506 797 561 838; x_wconf 88' lang='lat' dir='ltr'>mihi</span> <span class='ocrx_word' id='word_1_59' title='bbox 569 797 659 839; x_wconf 79' lang='lat' dir='ltr'>dextere</span> <span class='ocrx_word' id='word_1_60' title='bbox 668 796 753 853; x_wconf 79' lang='lat' dir='ltr'>lingue.</span> 
     </span>
     <span class='ocr_line' id='line_1_10' title="bbox 141 868 783 928; baseline -0.011 -12"><span class='ocrx_word' id='word_1_61' title='bbox 141 873 266 917; x_wconf 87' lang='lat' dir='ltr'>Dummodo</span> <span class='ocrx_word' id='word_1_62' title='bbox 275 872 393 928; x_wconf 82' lang='lat' dir='ltr'>pugnando</span> <span class='ocrx_word' id='word_1_63' title='bbox 402 884 514 926; x_wconf 86' lang='lat' dir='ltr'>superem;</span> <span class='ocrx_word' id='word_1_64' title='bbox 525 880 560 921; x_wconf 82' lang='lat' dir='ltr'>tu,</span> <span class='ocrx_word' id='word_1_65' title='bbox 570 869 632 911; x_wconf 83' lang='lat' dir='ltr'>vince</span> <span class='ocrx_word' id='word_1_66' title='bbox 640 868 783 925; x_wconf 79' lang='lat' dir='ltr'>loquendo.»</span> 
     </span>
     <span class='ocr_line' id='line_1_11' title="bbox 141 944 772 1004; baseline -0.003 -13"><span class='ocrx_word' id='word_1_67' title='bbox 141 947 326 1004; x_wconf 76' lang='lat' dir='ltr'>congrediturque</span> <span class='ocrx_word' id='word_1_68' title='bbox 336 945 402 987; x_wconf 82' lang='lat' dir='ltr'>feror.</span> <span class='ocrx_word' id='word_1_69' title='bbox 412 945 492 988; x_wconf 83' lang='lat' dir='ltr'>Puduit</span> <span class='ocrx_word' id='word_1_70' title='bbox 502 945 568 987; x_wconf 90' lang='lat' dir='ltr'>modo</span> <span class='ocrx_word' id='word_1_71' title='bbox 577 958 657 1000; x_wconf 82' lang='lat' dir='ltr'>magna</span> <span class='ocrx_word' id='word_1_72' title='bbox 666 944 772 989; x_wconf 82' lang='lat' dir='ltr'>locutum</span> 
     </span>
     <span class='ocr_line' id='line_1_12' title="bbox 141 1018 643 1074; baseline -0.01 -10"><span class='ocrx_word' id='word_1_73' title='bbox 141 1022 226 1064; x_wconf 86' lang='lat' dir='ltr'>Cedere.</span> <span class='ocrx_word' id='word_1_74' title='bbox 236 1018 305 1074; x_wconf 88' lang='lat' dir='ltr'>Rejeci</span> <span class='ocrx_word' id='word_1_75' title='bbox 315 1018 405 1060; x_wconf 83' lang='lat' dir='ltr'>viridem</span> <span class='ocrx_word' id='word_1_76' title='bbox 415 1019 442 1060; x_wconf 91' lang='lat' dir='ltr'>de</span> <span class='ocrx_word' id='word_1_77' title='bbox 451 1030 542 1073; x_wconf 88' lang='lat' dir='ltr'>corpore</span> <span class='ocrx_word' id='word_1_78' title='bbox 551 1027 643 1069; x_wconf 88' lang='lat' dir='ltr'>vestem;</span> 
     </span>
     <span class='ocr_line' id='line_1_13' title="bbox 142 1091 687 1148; baseline -0.004 -12"><span class='ocrx_word' id='word_1_79' title='bbox 142 1092 272 1148; x_wconf 80' lang='lat' dir='ltr'>Brachioque</span> <span class='ocrx_word' id='word_1_80' title='bbox 281 1091 384 1148; x_wconf 88' lang='lat' dir='ltr'>opposui;</span> <span class='ocrx_word' id='word_1_81' title='bbox 395 1091 498 1146; x_wconf 89' lang='lat' dir='ltr'>tenuique</span> <span class='ocrx_word' id='word_1_82' title='bbox 507 1105 520 1133; x_wconf 80' lang='lat' dir='ltr'>e</span> <span class='ocrx_word' id='word_1_83' title='bbox 528 1102 614 1147; x_wconf 85' lang='lat' dir='ltr'>pectore</span> <span class='ocrx_word' id='word_1_84' title='bbox 624 1105 687 1134; x_wconf 82' lang='lat' dir='ltr'>varas</span> 
     </span>
     <span class='ocr_line' id='line_1_14' title="bbox 141 1167 686 1222; baseline -0.009 -10"><span class='ocrx_word' id='word_1_85' title='bbox 141 1172 166 1212; x_wconf 86' lang='lat' dir='ltr'>ln</span> <span class='ocrx_word' id='word_1_86' title='bbox 176 1168 267 1211; x_wconf 85' lang='lat' dir='ltr'>statione</span> <span class='ocrx_word' id='word_1_87' title='bbox 278 1181 367 1217; x_wconf 76' lang='lat' dir='ltr'>manus,</span> <span class='ocrx_word' id='word_1_88' title='bbox 378 1176 399 1208; x_wconf 90' lang='lat' dir='ltr'>et</span> <span class='ocrx_word' id='word_1_89' title='bbox 410 1180 487 1222; x_wconf 76' lang='lat' dir='ltr'>pugne</span> <span class='ocrx_word' id='word_1_90' title='bbox 497 1167 596 1208; x_wconf 78' lang='lat' dir='ltr'>membre</span> <span class='ocrx_word' id='word_1_91' title='bbox 604 1167 686 1222; x_wconf 81' lang='lat' dir='ltr'>peravi.</span> 
     </span>
     <span class='ocr_line' id='line_1_15' title="bbox 141 1238 665 1296; baseline -0.01 -11"><span class='ocrx_word' id='word_1_92' title='bbox 141 1242 179 1286; x_wconf 91' lang='lat' dir='ltr'>llle</span> <span class='ocrx_word' id='word_1_93' title='bbox 189 1240 245 1284; x_wconf 86' lang='lat' dir='ltr'>cavis</span> <span class='ocrx_word' id='word_1_94' title='bbox 254 1242 332 1284; x_wconf 77' lang='lat' dir='ltr'>hausto</span> <span class='ocrx_word' id='word_1_95' title='bbox 342 1239 423 1296; x_wconf 83' lang='lat' dir='ltr'>spergit</span> <span class='ocrx_word' id='word_1_96' title='bbox 434 1253 469 1281; x_wconf 88' lang='lat' dir='ltr'>rne</span> <span class='ocrx_word' id='word_1_97' title='bbox 478 1239 565 1295; x_wconf 83' lang='lat' dir='ltr'>pulvere</span> <span class='ocrx_word' id='word_1_98' title='bbox 575 1238 665 1295; x_wconf 79' lang='lat' dir='ltr'>palmis,</span> 
     </span>
    </p>

    <p class='ocr_par' dir='ltr' id='par_1_4' title="bbox 141 1312 620 1372">
     <span class='ocr_line' id='line_1_16' title="bbox 141 1312 620 1372; baseline -0.01 -13"><span class='ocrx_word' id='word_1_99' title='bbox 141 1319 210 1372; x_wconf 84' lang='lat' dir='ltr'>Inque</span> <span class='ocrx_word' id='word_1_100' title='bbox 220 1316 288 1357; x_wconf 78' lang='lat' dir='ltr'>ricem</span> <span class='ocrx_word' id='word_1_101' title='bbox 299 1313 362 1355; x_wconf 72' lang='lat' dir='ltr'>fulve</span> <span class='ocrx_word' id='word_1_102' title='bbox 367 1313 432 1369; x_wconf 78' lang='lat' dir='ltr'>jactu</span> <span class='ocrx_word' id='word_1_103' title='bbox 442 1312 536 1355; x_wconf 78' lang='lat' dir='ltr'>flavescit</span> <span class='ocrx_word' id='word_1_104' title='bbox 544 1326 620 1355; x_wconf 69' lang='lat' dir='ltr'>arene.</span> 
     </span>
    </p>

    <p class='ocr_par' dir='ltr' id='par_1_5' title="bbox 140 1385 726 1517">
     <span class='ocr_line' id='line_1_17' title="bbox 141 1385 726 1441; baseline -0.005 -9"><span class='ocrx_word' id='word_1_105' title='bbox 141 1392 167 1433; x_wconf 89' lang='lat' dir='ltr'>Et</span> <span class='ocrx_word' id='word_1_106' title='bbox 176 1389 242 1431; x_wconf 91' lang='lat' dir='ltr'>modo</span> <span class='ocrx_word' id='word_1_107' title='bbox 252 1387 367 1437; x_wconf 78' lang='lat' dir='ltr'>cervicem,</span> <span class='ocrx_word' id='word_1_108' title='bbox 377 1386 444 1427; x_wconf 88' lang='lat' dir='ltr'>modo</span> <span class='ocrx_word' id='word_1_109' title='bbox 453 1399 516 1427; x_wconf 84' lang='lat' dir='ltr'>crura</span> <span class='ocrx_word' id='word_1_110' title='bbox 527 1385 629 1427; x_wconf 77' lang='lat' dir='ltr'>micantia</span> <span class='ocrx_word' id='word_1_111' title='bbox 639 1396 726 1441; x_wconf 83' lang='lat' dir='ltr'>caput,</span> 
     </span>
     <span class='ocr_line' id='line_1_18' title="bbox 140 1456 665 1517; baseline -0.01 -13"><span class='ocrx_word' id='word_1_112' title='bbox 140 1463 183 1505; x_wconf 78' lang='lat' dir='ltr'>dut</span> <span class='ocrx_word' id='word_1_113' title='bbox 191 1471 277 1517; x_wconf 80' lang='lat' dir='ltr'>captare</span> <span class='ocrx_word' id='word_1_114' title='bbox 287 1469 360 1515; x_wconf 86' lang='lat' dir='ltr'>putes;</span> <span class='ocrx_word' id='word_1_115' title='bbox 369 1458 474 1513; x_wconf 88' lang='lat' dir='ltr'>omnique</span> <span class='ocrx_word' id='word_1_116' title='bbox 482 1471 496 1499; x_wconf 85' lang='lat' dir='ltr'>e</span> <span class='ocrx_word' id='word_1_117' title='bbox 505 1467 565 1513; x_wconf 80' lang='lat' dir='ltr'>parte</span> <span class='ocrx_word' id='word_1_118' title='bbox 574 1456 665 1499; x_wconf 75' lang='lat' dir='ltr'>lacessit</span> 
     </span>
    </p>

    <p class='ocr_par' dir='ltr' id='par_1_6' title="bbox 139 1533 784 2103">
     <span class='ocr_line' id='line_1_19' title="bbox 142 1533 690 1589; baseline -0.009 -10"><span class='ocrx_word' id='word_1_119' title='bbox 142 1539 175 1579; x_wconf 87' lang='lat' dir='ltr'>Me</span> <span class='ocrx_word' id='word_1_120' title='bbox 185 1549 233 1577; x_wconf 78' lang='lat' dir='ltr'>rnen</span> <span class='ocrx_word' id='word_1_121' title='bbox 242 1534 338 1577; x_wconf 82' lang='lat' dir='ltr'>defendit</span> <span class='ocrx_word' id='word_1_122' title='bbox 347 1533 450 1589; x_wconf 57' lang='lat' dir='ltr'>gravium</span> <span class='ocrx_word' id='word_1_123' title='bbox 461 1533 584 1587; x_wconf 77' lang='lat' dir='ltr'>frustraque</span> <span class='ocrx_word' id='word_1_124' title='bbox 593 1533 690 1588; x_wconf 83' lang='lat' dir='ltr'>petehur.</span> 
     </span>
     <span class='ocr_line' id='line_1_20' title="bbox 141 1606 784 1662; baseline 0.002 -11"><span class='ocrx_word' id='word_1_125' title='bbox 141 1609 202 1651; x_wconf 78' lang='lat' dir='ltr'>iteud</span> <span class='ocrx_word' id='word_1_126' title='bbox 211 1621 272 1649; x_wconf 87' lang='lat' dir='ltr'>secus</span> <span class='ocrx_word' id='word_1_127' title='bbox 281 1621 306 1649; x_wconf 81' lang='lat' dir='ltr'>nc</span> <span class='ocrx_word' id='word_1_128' title='bbox 316 1606 395 1657; x_wconf 73' lang='lat' dir='ltr'>moles,</span> <span class='ocrx_word' id='word_1_129' title='bbox 405 1619 473 1662; x_wconf 80' lang='lat' dir='ltr'>quem</span> <span class='ocrx_word' id='word_1_130' title='bbox 484 1619 564 1661; x_wconf 83' lang='lat' dir='ltr'>magno</span> <span class='ocrx_word' id='word_1_131' title='bbox 573 1619 689 1649; x_wconf 84' lang='lat' dir='ltr'>murmure</span> <span class='ocrx_word' id='word_1_132' title='bbox 699 1606 784 1652; x_wconf 81' lang='lat' dir='ltr'>ductus</span> 
     </span>
     <span class='ocr_line' id='line_1_21' title="bbox 140 1681 734 1740; baseline -0.002 -14"><span class='ocrx_word' id='word_1_133' title='bbox 140 1685 284 1740; x_wconf 79' lang='lat' dir='ltr'>oppugnant:</span> <span class='ocrx_word' id='word_1_134' title='bbox 295 1691 369 1724; x_wconf 81' lang='lat' dir='ltr'>manet</span> <span class='ocrx_word' id='word_1_135' title='bbox 378 1681 426 1733; x_wconf 84' lang='lat' dir='ltr'>itta,</span> <span class='ocrx_word' id='word_1_136' title='bbox 438 1695 521 1737; x_wconf 89' lang='lat' dir='ltr'>suoque</span> <span class='ocrx_word' id='word_1_137' title='bbox 530 1690 562 1723; x_wconf 85' lang='lat' dir='ltr'>est</span> <span class='ocrx_word' id='word_1_138' title='bbox 570 1682 666 1737; x_wconf 86' lang='lat' dir='ltr'>pondere</span> <span class='ocrx_word' id='word_1_139' title='bbox 676 1692 734 1725; x_wconf 79' lang='lat' dir='ltr'>tute.</span> 
     </span>
     <span class='ocr_line' id='line_1_22' title="bbox 140 1753 743 1813; baseline -0.002 -13"><span class='ocrx_word' id='word_1_140' title='bbox 140 1755 277 1813; x_wconf 79' lang='lat' dir='ltr'>Digredimur</span> <span class='ocrx_word' id='word_1_141' title='bbox 286 1753 388 1810; x_wconf 80' lang='lat' dir='ltr'>paulum,</span> <span class='ocrx_word' id='word_1_142' title='bbox 398 1768 530 1810; x_wconf 86' lang='lat' dir='ltr'>rursumque</span> <span class='ocrx_word' id='word_1_143' title='bbox 539 1756 566 1796; x_wconf 83' lang='lat' dir='ltr'>ad</span> <span class='ocrx_word' id='word_1_144' title='bbox 576 1753 633 1796; x_wconf 85' lang='lat' dir='ltr'>heila</span> <span class='ocrx_word' id='word_1_145' title='bbox 641 1756 743 1813; x_wconf 80' lang='lat' dir='ltr'>coimns;</span> 
     </span>
     <span class='ocr_line' id='line_1_23' title="bbox 140 1829 719 1887; baseline -0.002 -12"><span class='ocrx_word' id='word_1_146' title='bbox 140 1835 208 1887; x_wconf 85' lang='lat' dir='ltr'>Inque</span> <span class='ocrx_word' id='word_1_147' title='bbox 218 1832 286 1885; x_wconf 85' lang='lat' dir='ltr'>gradu</span> <span class='ocrx_word' id='word_1_148' title='bbox 295 1829 405 1881; x_wconf 83' lang='lat' dir='ltr'>stetimus,</span> <span class='ocrx_word' id='word_1_149' title='bbox 416 1830 469 1872; x_wconf 88' lang='lat' dir='ltr'>certi</span> <span class='ocrx_word' id='word_1_150' title='bbox 478 1843 522 1871; x_wconf 89' lang='lat' dir='ltr'>uon</span> <span class='ocrx_word' id='word_1_151' title='bbox 531 1830 616 1871; x_wconf 86' lang='lat' dir='ltr'>cedere:</span> <span class='ocrx_word' id='word_1_152' title='bbox 627 1840 719 1886; x_wconf 80' lang='lat' dir='ltr'>eratque</span> 
     </span>
     <span class='ocr_line' id='line_1_24' title="bbox 139 1902 751 1961; baseline 0.003 -14"><span class='ocrx_word' id='word_1_153' title='bbox 139 1909 195 1951; x_wconf 81' lang='lat' dir='ltr'>Cum</span> <span class='ocrx_word' id='word_1_154' title='bbox 204 1906 257 1961; x_wconf 90' lang='lat' dir='ltr'>pede</span> <span class='ocrx_word' id='word_1_155' title='bbox 266 1917 302 1960; x_wconf 65' lang='lat' dir='ltr'>pen</span> <span class='ocrx_word' id='word_1_156' title='bbox 308 1902 410 1959; x_wconf 53' lang='lat' dir='ltr'>junctum</span> <span class='ocrx_word' id='word_1_157' title='bbox 421 1913 510 1959; x_wconf 88' lang='lat' dir='ltr'>totoque</span> <span class='ocrx_word' id='word_1_158' title='bbox 518 1917 558 1960; x_wconf 88' lang='lat' dir='ltr'>ego</span> <span class='ocrx_word' id='word_1_159' title='bbox 567 1913 654 1959; x_wconf 87' lang='lat' dir='ltr'>pectore</span> <span class='ocrx_word' id='word_1_160' title='bbox 663 1918 751 1960; x_wconf 74' lang='lat' dir='ltr'>pronus</span> 
     </span>
     <span class='ocr_line' id='line_1_25' title="bbox 139 1976 708 2035; baseline -0.002 -12"><span class='ocrx_word' id='word_1_161' title='bbox 139 1983 165 2024; x_wconf 89' lang='lat' dir='ltr'>Et</span> <span class='ocrx_word' id='word_1_162' title='bbox 174 1980 252 2035; x_wconf 84' lang='lat' dir='ltr'>digitos</span> <span class='ocrx_word' id='word_1_163' title='bbox 261 1977 343 2034; x_wconf 79' lang='lat' dir='ltr'>digitis,</span> <span class='ocrx_word' id='word_1_164' title='bbox 353 1987 374 2020; x_wconf 93' lang='lat' dir='ltr'>et</span> <span class='ocrx_word' id='word_1_165' title='bbox 384 1976 480 2019; x_wconf 78' lang='lat' dir='ltr'>frontem</span> <span class='ocrx_word' id='word_1_166' title='bbox 490 1978 562 2020; x_wconf 76' lang='lat' dir='ltr'>fronte</span> <span class='ocrx_word' id='word_1_167' title='bbox 570 1978 708 2033; x_wconf 78' lang='lat' dir='ltr'>premebam.</span> 
     </span>
     <span class='ocr_line' id='line_1_26' title="bbox 141 2051 622 2103; baseline -0.004 -9"><span class='ocrx_word' id='word_1_168' title='bbox 141 2055 191 2094; x_wconf 87' lang='lat' dir='ltr'>Non</span> <span class='ocrx_word' id='word_1_169' title='bbox 201 2051 262 2094; x_wconf 82' lang='lat' dir='ltr'>niiter</span> <span class='ocrx_word' id='word_1_170' title='bbox 271 2051 337 2094; x_wconf 79' lang='lat' dir='ltr'>fortes</span> <span class='ocrx_word' id='word_1_171' title='bbox 347 2051 389 2092; x_wconf 87' lang='lat' dir='ltr'>ridi</span> <span class='ocrx_word' id='word_1_172' title='bbox 399 2064 527 2093; x_wconf 81' lang='lat' dir='ltr'>concurrere</span> <span class='ocrx_word' id='word_1_173' title='bbox 537 2060 622 2103; x_wconf 73' lang='lat' dir='ltr'>tauros,</span> 
     </span>
    </p>

    <p class='ocr_par' dir='ltr' id='par_1_7' title="bbox 139 2123 714 2255">
     <span class='ocr_line' id='line_1_27' title="bbox 139 2123 704 2180; baseline 0.002 -13"><span class='ocrx_word' id='word_1_174' title='bbox 139 2127 225 2179; x_wconf 83' lang='lat' dir='ltr'>Quum,</span> <span class='ocrx_word' id='word_1_175' title='bbox 236 2124 329 2180; x_wconf 89' lang='lat' dir='ltr'>pretium</span> <span class='ocrx_word' id='word_1_176' title='bbox 340 2137 428 2180; x_wconf 78' lang='lat' dir='ltr'>pugne.</span> <span class='ocrx_word' id='word_1_177' title='bbox 439 2134 485 2167; x_wconf 91' lang='lat' dir='ltr'>toto</span> <span class='ocrx_word' id='word_1_178' title='bbox 494 2123 623 2167; x_wconf 71' lang='lat' dir='ltr'>nitidissima</span> <span class='ocrx_word' id='word_1_179' title='bbox 632 2123 704 2177; x_wconf 79' lang='lat' dir='ltr'>saltu,</span> 
     </span>
     <span class='ocr_line' id='line_1_28' title="bbox 139 2197 714 2255; baseline 0.01 -16"><span class='ocrx_word' id='word_1_180' title='bbox 139 2199 249 2253; x_wconf 84' lang='lat' dir='ltr'>Expetitur</span> <span class='ocrx_word' id='word_1_181' title='bbox 258 2197 351 2253; x_wconf 85' lang='lat' dir='ltr'>conjux:</span> <span class='ocrx_word' id='word_1_182' title='bbox 361 2208 460 2254; x_wconf 82' lang='lat' dir='ltr'>spectent</span> <span class='ocrx_word' id='word_1_183' title='bbox 468 2209 578 2250; x_wconf 73' lang='lat' dir='ltr'>armenta,</span> <span class='ocrx_word' id='word_1_184' title='bbox 588 2209 714 2255; x_wconf 78' lang='lat' dir='ltr'>paremquc</span> 
     </span>
    </p>
   </div>
   <div class='ocr_carea' id='block_1_3' title="bbox 0 0 838 2592">
    <p class='ocr_par' dir='ltr' id='par_1_8' title="bbox 0 0 838 2592">
     <span class='ocr_line' id='line_1_29' title="bbox 0 0 838 2592; baseline 0 1"><span class='ocrx_word' id='word_1_185' title='bbox 0 0 838 2592; x_wconf 95' lang='lat' dir='ltr'> </span> 
     </span>
    </p>
   </div>
  </div>
 </body>
</html>
