1667 2592
97 219 183 260 ve528.
264 261 268 266 .
347 219 489 261 nlnunv.
698 222 739 273 ¹⁵9

98 309 150 350 Esse
159 308 216 351 loris
226 309 327 351 fratrem!
337 310 457 365 quidquod
467 323 506 351 nee
516 319 585 352 cetera
594 308 683 361 desunt,

97 383 144 425 Nec
154 384 211 426 cedit
219 384 261 426 msi
270 393 326 426 sorte
336 383 402 425 mihi?
411 385 448 425 sed
458 393 516 426 tanta
526 383 604 438 cupido

99 457 121 497 Si
133 458 171 499 tibi
182 458 274 503 discidii,
286 469 368 514 repetat
377 459 500 513 Proserpina
510 458 599 508 coelum3

99 532 154 585 nege
165 542 238 574 tamen
247 543 316 582 certa,
325 533 342 574 si
352 531 423 574 nullos
432 532 521 587 contigit
530 531 573 573 illic

100 606 142 646 Ore
153 606 225 647 cibos:
236 620 287 648 nam
297 606 327 648 sie
338 609 450 648 Parcarum
461 605 538 647 ioedere
548 613 637 646 cautum
648 612 686 645 cst.
693 620 703 642 n

131 678 222 721 Dixerat.
233 684 258 722 nt
266 679 336 722 Cereri
346 690 429 722 certum
439 688 470 721 est
480 678 570 720 educere
579 688 660 720 natam.

100 754 152 795 Non
162 753 193 794 im
204 752 248 796 lata
257 755 342 803 sinunt;
351 754 455 809 quoniam
463 752 548 808 jejunia
558 752 617 805 sirpo

100 825 207 875 Solverat,
217 838 249 871 et„
259 827 322 869 cultis
333 827 385 868 dum
396 826 487 882 simplex
496 835 552 867 errat
562 825 583 865 in
593 823 672 874 hortis,

99 900 219 941 Puniceum
229 915 294 942 curva
303 902 436 955 decerpserat
444 900 521 941 arbore
530 912 633 954 pomum,

100 975 220 1029 Sumtaque
232 973 318 1029 pallenti
329 986 409 1030 septem
420 975 447 1015 de
456 973 534 1015 cortice
544 985 610 1027 grana

100 1049 207 1088 Presserat
216 1060 253 1088 ore
262 1061 314 1089 suo:
325 1047 425 1103 solusque
435 1061 459 1089 ex
469 1046 570 1088 omuibus
580 1045 633 1087 illud

101 1118 192 1160 Viderat
201 1120 341 1174 Ascalaphus.
351 1134 415 1174 quem
426 1121 537 1176 quondam
547 1119 626 1162 dicitur
635 1117 732 1173 Orphne,

99 1193 160 1234 Inter
172 1191 282 1233 Avernales
293 1192 351 1234 haud
362 1193 495 1247 ignotissima
505 1192 626 1250 Nymphas,

100 1266 130 1306 Ex
140 1263 259 1305 Acheronte
268 1277 307 1305 suo
318 1264 384 1307 furtis
394 1264 499 1320 peperisse
509 1266 549 1305 sul)
559 1263 640 1306 antris.-

99 1336 170 1381 Vidit,
181 1346 202 1379 et
210 1336 290 1378 indicio
301 1337 393 1378 reditum
404 1336 495 1377 crudelis
505 1336 591 1377 ademit.

100 1410 210 1464 ingemuit
221 1410 292 1464 regina
303 1409 375 1455 Erebi,
386 1419 505 1463 testemque
514 1407 628 1463 profanam

99 1482 159 1525 Fecit
168 1495 239 1533 arem;
250 1496 392 1537 sparsumque
402 1491 467 1536 caput
476 1480 649 1536 Phlegethontide
658 1479 747 1537 lympha

97 1558 123 1598 ln
135 1564 241 1603 rostrum,
251 1565 272 1596 et
281 1554 377 1610 plumas,
387 1564 409 1596 et
417 1554 505 1609 grandia
515 1554 599 1597 lumina
608 1554 676 1603 vertit.
731 1573 732 1576 ¹

98 1626 137 1669 llle
146 1627 187 1667 sibi
197 1627 292 1675 ablatus,
303 1627 370 1668 furris
379 1627 481 1670 amicitur
489 1629 516 1669 ab
526 1627 576 1679 alis,

98 1704 167 1758 lnquc
177 1712 242 1756 caput
251 1702 335 1749 crescit,
346 1701 464 1758 longosque
475 1702 590 1744 rellectitnr
600 1715 692 1757 unques,
736 1745 742 1757 ,

98 1777 183 1830 Vixque
193 1787 265 1818 movet
273 1786 334 1818 natas
344 1790 381 1832 per
389 1776 466 1818 inertia
477 1776 563 1818 brachia
572 1790 663 1831 pennas;

98 1849 204 1903 Foedaque
213 1847 238 1889 fit
248 1848 351 1898 volucris,
362 1847 446 1889 venturi
456 1849 531 1889 nuntia
542 1852 624 1909 luctus„

97 1923 190 1977 ignatus
200 1920 272 1972 bubo,
281 1920 354 1961 dirum
365 1919 493 1962 mortalibus
504 1934 577 1966 omen,

124 2069 162 2110 lX.
172 2068 210 2108 ihc
221 2076 292 2108 tamen
304 2066 383 2107 iudicio
392 2079 490 2121 poenam,
500 2064 615 2118 linguaque
624 2063 690 2104 videri

95 2138 254 2183 Commeruisse
263 2149 338 2193 potest.
351 2138 427 2187 iobis,
437 2136 569 2183 Acheloides,
580 2136 637 2176 undo

96 2214 172 2257 Pluma
182 2211 288 2268 pedesque
297 2210 382 2261 orium,
392 2223 462 2265 quum
473 2207 559 2263 virginis
568 2221 606 2249 ora
615 2207 713 2263 geretisl*
