1667 2592
114 220 157 253 200
269 209 600 254 narinosrnosnon
690 212 760 264 mc.

115 301 141 343 Et
146 300 196 357 jam
206 299 334 353 fomitem,
343 300 462 358 pulsusque
472 301 575 344 resideret
583 299 661 356 ardor;

116 375 191 434 Quum
200 375 259 420 videt
268 376 391 425 Esoniden.
401 375 549 430 exstinctaque
558 373 651 417 flamma
661 373 752 426 revixit;

115 448 142 492 Et
152 449 245 492 rubuere
254 464 324 506 gena,
333 458 423 505 totoque
433 448 546 492 recanduit
554 461 598 491 ore.

116 524 144 566 Ut
152 522 207 566 solet
216 538 229 566 a
238 524 306 567 ventis
315 523 420 567 alimenta
428 537 549 574 assumere,
558 536 650 579 quaque

117 598 184 639 Parva
193 597 235 640 snb
244 597 333 640 inducta
342 595 405 640 latuit
415 596 508 640 scintilla
517 595 602 649 favilla,

117 672 226 722 Crescere,
236 680 258 714 et
267 671 290 713 in
299 681 379 714 veteres
388 671 469 728 agitata
479 683 589 726 resurgere
597 669 653 712 vires
662 686 667 712 ι

118 746 152 790 Sic
158 745 208 802 jain
217 744 291 789 ientne‘
298 760 367 795 amor,
373 745 423 802 jam
433 759 499 802 quern
510 744 611 801 languere
621 753 723 800 putares,

119 822 147 864 Ut
157 821 209 864 vidit
215 820 331 878 juvenem,
341 821 411 878 specie
420 820 530 878 praesentis
539 818 623 863 inarsit.

119 895 146 937 Et
155 907 217 945 casu,
226 892 290 938 solito
300 893 417 937 formosior
425 897 500 937 AEsone
509 902 574 937 natus

119 967 159 1010 nia
168 967 216 1010 lnce
226 966 269 1011 fuir
277 984 282 1009 :
291 981 363 1024 posses
373 967 483 1024 ignoscere
493 965 583 1010 amanti.

119 1043 216 1098 δμωαῖς
226 1051 247 1084 et
256 1041 278 1083 in
288 1041 362 1093 vultu,
371 1040 439 1084 veluti
448 1055 508 1084 nunc
517 1040 609 1096 deniqne
619 1039 678 1091 tiso,

119 1113 213 1157 Lumina
222 1113 264 1156 fixa
275 1122 345 1157 tenet:
355 1127 395 1156 nec
404 1128 428 1156 se
436 1113 537 1158 mortalia
547 1114 637 1156 demens

120 1189 163 1229 Ora
173 1186 244 1230 videre
253 1195 327 1243 putam
337 1200 376 1229 nec
387 1201 409 1229 se
418 1186 512 1230 declinat
521 1187 549 1229 ab
559 1185 604 1228 ilio.

120 1261 148 1302 Ut
157 1272 207 1301 vero
217 1258 324 1315 coepitque
333 1258 404 1316 loqui,
414 1260 556 1316 dextramque
565 1257 682 1315 prehendit

120 1334 211 1388 Hospes,
221 1341 243 1375 et
252 1332 358 1375 auxilium
367 1331 477 1376 submissa
485 1346 536 1375 voce
546 1331 639 1388 rogavit,

120 1407 263 1463 Promisitque
273 1417 359 1461 torum3
370 1406 471 1465 lacrymis
481 1406 512 1449 ait
520 1405 556 1449 iiia
566 1403 676 1462 profusis.

121 1481 196 1540 «Quid
206 1480 285 1524 faciam
294 1483 367 1537 video;
378 1497 417 1525 nec
427 1496 463 1525 me
472 1481 593 1538 ignorantia
603 1480 648 1523 veri

120 1555 226 1611 Decipies,
235 1556 271 1598 sed
280 1570 351 1599 amor.
360 1557 475 1599 Servabere
484 1569 575 1598 munere
585 1563 660 1597 nostro
670 1570 676 1597 :

121 1629 221 1671 Servatm
230 1630 337 1685 promissa
345 1630 403 1673 dato.
410 1647 422 1669 tt
432 1631 471 1672 Per
479 1643 541 1672 sacra
551 1627 656 1672 triformis

122 1701 161 1744 llie
170 1703 228 1752 nee,
237 1701 330 1759 lucoque
340 1702 397 1746 foret
405 1703 465 1759 qnod
474 1717 558 1746 numen
569 1701 592 1745 in
600 1701 651 1754 illo,

123 1779 205 1831 Perque
213 1786 297 1832 patrem
306 1778 374 1819 soceri
384 1787 509 1821 cernentem
519 1785 598 1820 cuneta
608 1774 694 1829 futuri,

122 1851 258 1904 Eventusque
267 1862 328 1900 suos,
338 1863 376 1905 per
386 1859 446 1892 tanta
455 1848 550 1907 pericula
556 1847 625 1905 jurat.

122 1923 233 1974 Creditus,
242 1923 324 1979 aceepit
333 1932 430 1966 cnnmtas
439 1923 539 1980 protinus
548 1923 638 1974 herhas,

123 1995 257 2052 Edidicitque
267 2010 344 2049 nsum,
353 1996 458 2053 latusque
467 1996 490 2040 in
499 2006 570 2040 eastra
579 1994 674 2038 recessit.

154 2144 180 2185 ΙΙ.
191 2146 287 2187 Pomm
296 2143 409 2201 depulerat
418 2142 490 2187 stellas
499 2146 583 2188 Aurora
592 2142 701 2187 micantes
710 2160 715 2183 :

125 2216 263 2263 conveniunt
271 2219 347 2277 populi
356 2233 444 2266 sacrum
452 2220 554 2266 Mavortis
563 2219 586 2264 in
595 2233 688 2271 artum,
