1667 2592
126 223 153 264 62
277 218 604 263 Muttuourtlosssott
685 235 710 264 v.
726 225 793 281 604.

125 308 213 359 Tendit;
223 318 244 351 et
252 308 289 351 itta
298 323 337 351 suo
347 308 410 352 toties
421 321 471 350 cum
481 317 566 363 pectore
572 307 654 362 juncta

125 381 244 424 indevitato
254 379 338 436 trajecit
346 391 432 436 pectora
442 379 491 422 telo.

125 457 171 497 Icta
179 452 238 496 dedit
246 454 362 509 gemitum,
373 462 483 507 tractoque
492 466 505 493 a
513 450 602 493 vulnere
611 450 687 501 ferro,

126 526 222 570 Candida
233 526 325 581 puniceo
334 523 431 581 perfudit
440 525 538 567 membra
548 537 636 573 cruore,

127 600 154 642 Et
162 597 226 640 dixit:
238 598 317 640 «Potui
327 612 399 653 poeuas
410 597 460 647 tibi,
470 597 558 645 Phoebe,
568 595 665 647 dedisse3

127 672 168 714 Sed
178 671 282 727 peperisse
291 671 363 726 prius:
373 671 418 713 duo
427 682 485 711 uunc
495 668 615 710 moriemur
624 669 648 710 in
660 684 723 715 una.
733 691 754 713 »

128 747 245 795 flacoeuus;
255 754 276 787 et
284 745 364 801 pariter
374 745 440 786 vitam
449 757 500 785 cum
510 742 614 798 sauguine
625 741 697 787 fudit.

129 819 211 873 Corpus
220 817 284 859 inane
293 818 370 860 anime
380 816 448 872 frigus
456 815 519 858 letale
527 825 626 857 secutum
635 825 679 859 est.

130 890 229 939 Paenitet,
239 891 293 932 heu!
301 904 348 931 sero
358 903 424 946 poeute
433 889 524 931 crudelis
533 898 659 941 amantem

130 965 209 1019 Seque,
219 965 277 1018 quod
286 965 387 1013 audierit,
397 966 456 1020 quod
465 965 495 1007 sic
504 963 615 1012 exarserit,
626 964 677 1007 odit
686 980 692 1005 :

131 1036 181 1079 Odit
190 1049 262 1085 avem,
272 1050 384 1092 perquam
393 1038 475 1079 crimen
484 1049 615 1092 causamque
623 1036 724 1082 dolendi

133 1108 189 1150 Scire
199 1118 285 1151 coactus
295 1119 352 1151 erat:
363 1123 507 1164 nervumque,
517 1121 646 1163 arcumque,
658 1124 825 1174 manumque

133 1182 193 1232 Odit,
203 1196 296 1238 cumque
305 1197 383 1247 mauu,
395 1183 506 1226 temeraria
515 1183 566 1232 tela,
576 1182 675 1238 sagittas.

132 1257 296 1314 collapsumque
306 1257 375 1300 fovet:
386 1272 475 1313 seraque
485 1271 524 1313 ope
535 1257 616 1299 vincere
626 1256 675 1301 iata

133 1333 221 1377 Nititur,
233 1343 253 1376 et
262 1332 354 1375 medicas
363 1343 446 1375 exercet
454 1332 546 1374 inaniter
555 1341 617 1374 artes.

135 1407 186 1465 Quae
197 1414 309 1462 postquam
319 1405 399 1448 frustra
408 1414 501 1454 tentata,
511 1417 631 1458 rogumque
640 1409 722 1459 parari

135 1479 205 1529 Vidit,
215 1488 237 1521 et
246 1494 330 1522 arsuros
339 1479 445 1535 supremis
454 1477 539 1533 ignibus
548 1487 619 1527 artus;

136 1550 193 1593 Tum
205 1564 253 1592 vero
263 1552 353 1606 gemitus
363 1549 513 1607 (nequeenim
523 1548 614 1591 coelestia
625 1548 681 1605 tingi

137 1622 180 1664 Ora
189 1620 237 1663 licet
247 1621 359 1679 iacrymis)
368 1621 412 1664 alto
421 1622 447 1663 de
457 1621 520 1662 corde
529 1620 607 1676 petitos

137 1693 220 1737 Edidit:
231 1694 289 1736 haud
298 1695 365 1745 aliter,
375 1710 441 1751 quam
450 1708 531 1751 quum.
540 1704 649 1750 spectante
654 1694 782 1758 juvenca,

139 1766 244 1809 Lacteutis
254 1766 324 1815 vituli,
334 1769 406 1811 deutra
415 1767 507 1810 libratus
518 1767 545 1809 ab
555 1780 618 1817 aure,

141 1840 248 1899 {Tempora
257 1839 355 1881 discussit
364 1841 421 1883 clarc
430 1854 481 1882 cava
492 1839 581 1881 malleus
590 1839 645 1883 ictu.

140 1914 168 1955 Ut
179 1921 250 1954 tameu
259 1912 352 1967 ingratos
361 1913 383 1955 iu
393 1925 480 1969 pectora
489 1912 545 1955 fudit
555 1913 642 1965 mores,

141 1989 168 2031 Et
176 1986 234 2028 dedit
243 1986 364 2042 ampiexus,
374 1987 496 2043 injustaque
502 1987 562 2043 justa
570 1987 663 2042 peregit;

141 2061 191 2102 tion
202 2058 251 2102 tuiit
259 2058 282 2121 iu
291 2059 371 2100 cineres
380 2060 424 2102 labi
434 2075 473 2103 sua
482 2061 571 2103 Phoehus
580 2061 668 2102 eosdem

142 2133 238 2182 Semina3
248 2132 284 2174 sed
294 2142 370 2174 natum
380 2134 474 2176 flammis
483 2146 586 2189 uteroque
595 2136 696 2189 parentis

142 2205 235 2262 Eripuit5
245 2205 366 2263 geminique
376 2208 426 2251 tulit
434 2209 532 2254 Chironis
541 2209 564 2251 in
574 2219 678 2253 antrum:
