1667 2592
112 167 181 230 148Ι
261 162 589 207 METAMORPHOSEON
662 165 746 218 v.t37.

106 254 185 302 Intrat;
196 261 218 294 et
226 251 330 294 immeriti
339 250 416 293 vindex
426 249 526 306 ultorque
534 249 628 305 parentis

107 326 235 382 Adgreditur
244 328 349 369 Proetum:
359 338 412 367 nam
422 324 487 367 fratre
497 337 605 380 perarma
614 323 690 381 fugato

108 398 240 441 Acrisioneas
248 401 329 440 Proetus
339 397 461 453 possederat
470 411 536 440 arces.

109 473 149 514 Sed
159 485 199 513 nec
208 485 249 527 ope
257 484 381 520 armorum,
391 483 442 520 nec,
452 483 519 525 quam
529 469 585 512 male
595 479 693 526 ceperat,
703 484 766 522 arce,

109 545 179 587 Torva
190 542 314 587 colubriferi
322 544 431 599 superavit
439 542 524 585 lumina
532 543 631 586 monstri.

139 619 169 659 Te
179 627 263 666 tamen,
273 630 286 657 o
296 630 365 671 parvae
375 626 456 665 rector,
466 615 587 672 Polydecte,
597 615 691 671 Seriphi,

111 691 156 732 Noc
162 689 249 745 juvenis
258 689 325 731 virtus
331 701 383 743 ‚iper
393 698 425 730 tot
434 697 527 743 spectata
537 687 631 739 labores,

112 763 157 803 Nec
167 761 225 803 mala
234 760 368 803 mollierant:
378 761 415 802 sed
425 760 555 803 inexorabile
564 761 632 803 durus

112 838 199 879 Exerces
208 836 296 889 odium;
306 849 345 877 nec
354 835 429 891 iniqua
439 834 488 876 finis
497 835 519 877 in
529 835 561 877 ira
569 844 608 878 est.

112 912 220 952 Detrectas
229 909 295 951 etiam
304 909 388 959 laudem
400 908 517 964 fictamque
526 909 618 952 Medusae

112 981 189 1035 Arguis
197 994 242 1022 esse
251 993 333 1023 necem.
344 980 464 1022 «Dabimus
475 980 513 1022 tibi
522 980 612 1036 pignora
621 982 676 1032 veri,

113 1053 193 1094 Parcite
202 1051 333 1101 luminibus,
342 1054 430 1093 Perseus
439 1052 469 1094 ait
477 1068 482 1094 :
491 1069 502 1090 n
512 1066 592 1108 oraque
601 1053 656 1111 regis

83 1140 86 1145 ’
114 1126 154 1167 Ore
164 1124 268 1166 Medusaeo
277 1124 359 1167 silicem
367 1124 413 1166 sine
422 1124 526 1181 sauguine
535 1124 592 1168 lecit

144 1273 178 1313 ΙΙΙ.
187 1273 301 1314 flacrnrtus
310 1271 417 1327 aurigena
426 1271 528 1315 comitem
537 1272 634 1316 Tritonia
642 1271 705 1317 fratri

116 1347 141 1388 Se
150 1345 214 1387 dedit.
224 1346 274 1387 lude
284 1359 335 1387 cava
344 1345 477 1388 circumdata
486 1346 544 1387 nube
553 1345 657 1402 Seriphon

71 1449 74 1455 -
114 1420 205 1468 Deserit,
215 1434 228 1461 a
237 1420 310 1461 dextra
318 1420 401 1476 Cythno
409 1421 521 1476 Gyaroque
530 1419 615 1462 relictis.

116 1496 206 1551 Quaque
215 1507 279 1548 super
288 1504 380 1549 pontum
389 1494 423 1535 via
432 1494 476 1536 uisa
485 1494 619 1545 brevissima,
628 1494 729 1548 Thebas,

116 1566 286 1621 virgineumque
295 1565 394 1608 Helicona
403 1566 469 1622 petit:
479 1580 523 1621 quo
533 1575 606 1609 monte
614 1568 685 1622 potita

118 1638 229 1688 Constitit.
237 1648 258 1681 et
266 1639 339 1682 doctas
348 1640 378 1681 sic
386 1650 419 1682 est
428 1639 499 1682 adfata
508 1653 603 1682 sorores:

119 1730 131 1752 «
137 1715 202 1755 Fama
211 1711 261 1754 novi
270 1710 335 1754 fontis
344 1722 428 1755 nostras
437 1713 533 1768 pervenit
542 1714 569 1756 nd
577 1727 651 1765 aures,

118 1788 176 1829 Dura
186 1784 284 1827 blcdusaei
293 1798 358 1840 quem
368 1785 466 1841 praepetis
475 1784 556 1840 ungula
565 1786 630 1842 rupit

119 1862 140 1903 ls
149 1858 203 1900 milti
211 1871 275 1899 causa
285 1858 328 1899 rie.
339 1859 402 1900 Volui
413 1857 511 1900 mirabile
520 1867 644 1901 monstrum

120 1934 222 1976 Cernere:
233 1931 275 1971 vidi
284 1930 355 1986 ipsum
365 1941 464 1973 materno
475 1932 578 1987 sunguine
587 1932 653 1975 unam.
660 1950 672 1973 o

120 2002 202 2060 Excipit
211 2003 299 2044 Uranie:
310 2020 322 2041 ιι
328 2005 466 2060 Quaecunquc
475 2013 506 2045 est
514 2017 578 2046 causa
587 2004 672 2048 videndi

121 2079 162 2120 llas
172 2076 221 2124 tibi.
231 2074 292 2124 Diva.
301 2076 389 2126 domos,
398 2076 472 2118 uuimo
481 2076 600 2132 gratissima
609 2088 684 2122 nostro
693 2093 723 2124 es.

122 2150 178 2191 Vera
188 2158 261 2190 tamen
270 2146 330 2191 fama
338 2157 381 2200 est;
390 2157 411 2191 et
420 2152 511 2206 Pegasus
520 2148 586 2206 hujus
595 2149 655 2207 oripo
