1667 2592
86 197 107 227 v.
123 188 172 240 579.
310 186 411 230 tinen
428 187 504 230 VIII.
685 189 725 229 255

88 272 170 315 Naides
179 272 212 315 ha
222 271 321 318 Inerant:
331 289 379 331 quae
388 289 459 331 quum
468 275 501 317 bIs
510 274 606 331 quinque
612 273 717 330 juvencos

86 344 231 398 Mactassent‚
240 348 339 404 rurisque
349 351 402 391 Ileos
411 350 438 391 ad
447 363 507 391 sacra
517 358 640 400 vocassent;

85 419 233 462 Immemores
242 420 310 463 nostri
320 420 384 463 festas
394 422 474 464 duxere
483 421 578 464 choreas.

84 493 199 544 Intumui,
208 504 346 550 quantusque
355 494 420 546 feror,
429 509 499 550 quum
508 494 627 550 plurimus,
637 504 748 547 unquam,

86 565 171 608 Tantus
180 579 253 609 erarn:
264 567 387 624 pariterque
396 568 475 610 animis
484 567 586 610 immanis
595 576 617 610 et
626 564 690 608 undis

85 636 104 679 A
113 635 172 679 silvis
180 637 254 688 silvas,
264 649 285 682 et
294 639 322 681 ab
331 639 387 682 arvis
396 653 448 682 arva
456 639 535 681 revelli.

86 712 189 767 Cumque
198 711 245 755 loco
256 715 378 771 Nymphas,
389 728 497 757 memores
507 723 555 757 tum
564 713 657 767 denique
666 710 746 762 nostri,

88 785 116 827 In
125 784 180 828 treta
190 787 293 842 provolvi.
303 788 391 832 Fluctus
399 799 516 843 nosterque
525 787 634 842 marisque

91 858 224 902 Continuam
234 858 433 912 'diduxitlrnmum‚
443 871 557 918 partesque
567 859 652 902 resolvit

91 933 118 975 In
128 931 231 983 totidem,
241 934 317 976 mediis
326 944 380 990 quot
389 934 459 977 cernis
467 934 586 977 Echinadas
594 932 665 975 undis.

120 1005 167 1046 «Ut
177 1013 249 1047 tamen
259 1005 303 1061 ipse
312 1006 377 1057 vides,
387 1006 475 1062 procul,
484 1007 523 1049 en!
533 1004 608 1061 procul
619 1018 664 1047 una
672 1001 758 1046 recessit

88 1077 164 1121 Insula
174 1089 235 1135 grata
244 1080 305 1122 mihi.
315 1081 433 1125 Perimelen
442 1081 515 1125 navita
523 1081 581 1124 dicit.

86 1150 143 1194 IIuic
153 1163 192 1206 ego
201 1151 322 1208 virgineum
332 1152 414 1197 dilecte
424 1167 505 1196 nomen
515 1152 594 1196 ademi.

86 1223 152 1280 Quod
162 1233 222 1279 pater
231 1224 376 1280 Hippodamas
386 1239 441 1281 agre
452 1225 512 1274 tulit,
521 1225 587 1280 inque
596 1223 733 1280 profundum

87 1296 186 1352 Propulit
195 1311 206 1339 e
215 1297 305 1353 scopulo
314 1298 416 1354 pariturae
427 1310 519 1354 corpora
528 1307 590 1339 natae.

86 1370 178 1425 Excepi:
187 1377 321 1425 nantemque
330 1369 413 1421 ferens,
423 1372 440 1413 0
450 1368 551 1425 proxima
560 1368 613 1411 eoelo

89 1446 163 1500 Regna
172 1457 240 1499 vagae,
250 1443 305 1495 dixi,
314 1443 400 1494 sortite,
410 1441 547 1491 Tridentiler,
558 1441 632 1492 unda,

89 1519 116 1561 In
126 1530 170 1573 quo
179 1517 309 1567 desimus,
319 1531 363 1573 quo
373 1517 429 1560 sacri
438 1516 547 1559 currimus
557 1529 643 1568 amnes,

89 1593 137 1634 linc
147 1591 208 1643 ades,
218 1602 283 1647 atque
293 1592 343 1634 sudi
353 1590 461 1647 placidus,
471 1592 582 1646 Neptune,
591 1599 723 1645 precantem.

89 1665 144 1708 IIuic
154 1679 204 1720 ego,
213 1678 281 1720 quam
290 1675 365 1721 porto,
375 1664 447 1706 nocui.
458 1664 479 1706 Si
489 1663 548 1707 mitis
557 1674 578 1707 et
587 1677 673 1721 (equus,

90 1738 112 1780 Si
121 1746 184 1794 pater
191 1736 348 1792 Hippodamas,
357 1747 397 1779 aut
405 1737 423 1778 si
434 1737 506 1778 minus
515 1736 597 1792 impius
605 1746 659 1783 esset
665 1769 679 1788 ,‚

89 1809 169 1853 Bebnit
178 1808 235 1852 illius
245 1809 351 1859 misereri,
363 1810 472 1866 ignoscere
481 1809 551 1855 nobis.

89 1880 156 1925 soter
164 1894 240 1938 opem;
250 1894 379 1938 mersaque,
388 1895 472 1938 precor,
482 1880 566 1928 [eritne
575 1889 673 1935 patema.

87 1957 130 2006 Da,
141 1956 252 2011 Neptune,
262 1953 335 1997 locum
344 1971 349 1995 ι
360 1954 392 1996 vel
401 1954 430 1998 sit
438 1954 499 1996 locus
508 1953 554 2008 ipsa
563 1952 646 2003 licebit;

88 2032 151 2073 Iiunc
160 2043 247 2085 quoque
256 2027 394 2083 complectar.
405 2027 474 2070 Movit
483 2035 549 2081 caput
557 2039 668 2081 aequoreus
678 2039 726 2076 rex,

91 2103 246 2158 Concussitque
255 2103 300 2146 suis
310 2116 385 2145 omnes
394 2100 521 2145 adsensibus
531 2100 606 2142 undas.

89 2175 195 2223 Extimuit
204 2175 318 2233 Nymphe:
328 2175 395 2218 nabat
406 2183 486 2218 tamen.
496 2174 543 2229 Ipse
551 2172 645 2217 natantis
