1667 2592
125 196 154 238 90
277 168 607 229 uerinoieuoseon
679 191 761 247 v.393.

125 275 199 329 Spreta
209 273 260 317 latet
268 275 325 318 silvis
333 292 338 317 :
347 275 519 332 pudibundaque
528 275 643 320 frondibus
652 292 691 321 ora

125 348 228 405 Protegit;
237 359 259 392 et
267 350 318 391 solis
326 364 351 392 ex
361 350 398 392 illo
408 351 460 393 vivit
469 350 491 392 in
500 351 574 393 antris.

125 424 166 466 Sed
176 434 249 466 tamen
258 425 324 467 heret
332 438 401 475 amer,
411 424 530 480 crescitque
539 425 614 467 delore
624 425 721 483 repulse.

124 502 242 549 Attenuant
251 500 324 555 vigiles
333 513 412 555 eorpus
421 499 544 542 miserabile
552 514 609 543 eurae
618 517 622 542 :

125 571 259 627 Addueitque
268 583 340 614 eutem
352 573 442 625 maciem
452 583 473 615 et
482 573 504 614 in
513 587 563 615 aere
572 587 650 617 suetus

124 645 224 700 Corporis
232 646 303 686 omnis
311 646 367 686 abit:
375 659 414 687 vox
423 655 509 687 tantum
516 679 521 693 ,
529 654 593 700 atque
601 660 648 688 essa
656 659 781 704 supersunt.

124 720 172 760 Vox
182 728 268 759 manet:
278 731 325 759 osse
336 717 409 760 ferunt
418 717 494 773 lepidis
504 718 592 760 traxisse
601 719 703 776 figuram.

124 792 177 832 Inde
185 790 238 833 lutet
246 790 303 832 silvis
311 807 316 831 ε
326 789 430 845 nulloque
440 789 463 831 in
472 801 547 833 mente
555 791 652 844 videtur;

74 862 77 869 '
124 864 232 905 Omnibus
241 864 335 906 auditur.
345 865 414 906 Sonus
424 873 466 914 est,
475 864 513 918 qui
523 864 575 907 vivit
584 865 607 906 in
616 865 660 908 itta.

152 937 186 979 Sie
195 937 261 987 hane,
272 937 302 979 sie
311 936 374 986 elias,
384 937 448 979 undis
456 947 494 980 aut
504 938 616 981 montibus
626 951 695 992 ortes,

123 1014 211 1054 Luserat
220 1010 255 1051 hie
265 1010 387 1066 Nymphas3
397 1010 428 1051 sie
437 1021 504 1053 cretus
513 1021 564 1053 ente
572 1012 649 1055 viriies.

123 1087 175 1127 Inde
185 1098 264 1126 manus
273 1084 351 1140 aliquis
359 1085 471 1139 despectus
481 1086 508 1127 ad
517 1086 595 1128 aetbera
605 1086 693 1138 tollens,

88 1162 90 1167 “
126 1177 137 1198 e
144 1159 177 1201 Sic
186 1168 245 1200 amet
254 1158 303 1207 iste,
313 1156 373 1208 licet,
383 1157 413 1199 sie
423 1171 467 1199 non
477 1159 574 1214 potietur
582 1162 667 1203 amato!
675 1178 687 1199 n

124 1232 215 1275 Dixerat.
225 1232 322 1275 Adsensit
329 1231 429 1288 precibus
437 1232 569 1274 rhamnusia
575 1232 649 1289 justis.

151 1382 265 1438 VIDFous
274 1389 319 1423 erat
328 1378 412 1429 ittimis,
422 1379 496 1423 nitidis
504 1389 617 1437 argenteus
627 1384 702 1435 undis,

123 1457 194 1512 Quem
204 1467 274 1509 neque
283 1464 389 1510 pastores,
399 1467 469 1509 neque
478 1465 543 1510 pastae
553 1466 627 1497 monte
636 1457 722 1512 capelle

123 1530 272 1585 Contigerant.
283 1527 367 1570 aliudve
376 1542 454 1584 pecus:
464 1543 529 1584 quem
540 1529 599 1570 natta
608 1529 713 1583 volueris,

123 1605 168 1646 Nee
178 1601 223 1643 fera
233 1603 342 1649 turbaret„
352 1615 391 1643 nee
400 1601 473 1657 lapsus
482 1602 509 1643 ab
518 1601 594 1642 arbore
604 1615 686 1646 ramus.

123 1680 216 1727 Gramen
225 1686 271 1717 erat
280 1676 347 1723 circa.
356 1676 415 1731 quod
425 1675 535 1731 proximus
545 1676 627 1718 humor
635 1677 721 1723 aiebat:

76 1784 79 1791 .
123 1751 232 1806 Silvaque,
241 1749 285 1791 soie
295 1750 366 1792 laeum
378 1763 467 1805 passura
477 1760 583 1805 tepescere
592 1751 661 1794 nullo.

122 1827 159 1869 ute
169 1839 229 1881 puer,
240 1834 260 1866 et
270 1824 341 1866 studio
350 1824 443 1865 venandi
451 1823 519 1866 lassus
528 1834 549 1866 et
559 1835 623 1876 testu,

121 1881 249 1948 Procubuit3
261 1896 381 1951 faciemque
390 1895 443 1945 loci.
453 1896 580 1953 fontemque
589 1910 683 1944 secutus.

122 1976 222 2028 Dumque
231 1971 290 2013 sitim
300 1971 373 2012 sedare
382 1972 454 2026 eupit,
463 1970 508 2013 sitis
517 1971 585 2014 altera
594 1974 671 2025 ererit3

122 2047 222 2100 Dumque
233 2042 298 2091 bibit,
309 2042 357 2084 visae
366 2052 478 2097 correptus
488 2043 582 2099 imagine
592 2044 680 2097 forme,

123 2122 187 2177 Spem
193 2117 238 2159 sine
243 2128 332 2171 corpore
337 2126 492 2171 nmettcorpns
497 2127 616 2172 putatesse‚
621 2122 682 2175 qued
687 2124 770 2169 umbre
776 2135 814 2168 est.

122 2196 226 2246 Adttnpet
235 2189 280 2245 ipse
289 2189 341 2240 sibi5
350 2188 455 2246 vultuque
465 2190 571 2235 immotus
580 2193 657 2237 eodem
