1667 2592
76 240 94 267 r.
106 228 155 268 311.
327 229 426 270 LlBEll
443 230 460 271 1.
687 247 713 288 tp

78 316 169 358 Maxima
179 329 229 372 pars
239 317 298 359 unda
308 317 404 373 rapitur:
415 318 495 373 quibus
505 320 563 363 unda
573 323 677 379 pepercit,

77 388 123 430 lllos
132 388 199 445 longa
208 390 301 432 domant
310 389 370 446 inopi
376 390 463 447 jejrrnia
472 393 536 438 victu.

101 540 145 580 Vll.
161 539 260 580 Seram
270 537 349 580 Aonios
358 539 432 581 tomis
441 540 514 583 Phocis
523 543 551 583 ab
560 544 625 593 ervis¹

74 613 136 654 Terra
146 611 218 660 ferax,
229 612 283 653 dum
295 621 351 654 terra
361 610 413 661 tuin
424 615 459 655 sed
470 624 566 670 tempore
575 616 597 658 in
608 616 644 658 illo

73 687 119 726 Pars
129 684 209 734 maris,
219 694 241 727 et
249 683 307 726 latus
317 685 439 727 subitarum
449 700 539 742 campus
548 703 662 742 aquarum.

74 761 132 802 lions
142 758 174 801 ibi
184 759 301 801 verticibus
310 759 364 815 petit
373 758 454 802 arduus
463 772 520 802 astra
530 763 626 813 duobus,

71 832 165 873 Nomine
176 834 292 881 Parnasus,
303 842 433 888 superatque
442 833 556 875 cacumine
566 834 640 876 nubes.

71 905 105 946 llic
114 904 154 946 ubi
165 902 283 945 Deucalion
293 904 358 960 (uam
368 914 438 946 cetera
448 914 527 947 texerat
536 906 622 961 equor)

71 980 122 1020 eum
133 985 236 1020 consorte
246 976 287 1018 tori
297 990 363 1032 parva
373 988 418 1018 rate
428 987 500 1020 vectus
510 978 608 1029 ndhaesiu

69 1050 182 1107 Corycidas
193 1048 319 1105 Nymphas,
329 1059 351 1092 et
359 1049 451 1091 numina
461 1050 541 1092 montis
550 1053 651 1103 adorant,

69 1124 232 1178 Fatidicamque
241 1121 344 1172 Themin,
354 1135 402 1176 quae
411 1136 469 1165 nuno
479 1124 550 1166 oracla
560 1127 652 1168 tenebat.

67 1198 113 1240 lion
122 1197 162 1239 illo
172 1195 253 1238 melior
261 1195 389 1250 quisquam,
399 1206 439 1237 nec
448 1197 557 1239 amantior
564 1199 620 1254 equi

68 1273 103 1315 l'ir
112 1272 168 1322 fuit,
178 1280 219 1313 aut
228 1269 265 1312 illa
273 1269 406 1313 metuentior
413 1270 459 1320 ulla
467 1273 568 1314 Deorum.

92 1347 178 1403 Jupiter
188 1354 214 1387 ut
223 1343 311 1400 liquidis
320 1353 417 1401 stagnare
427 1345 543 1402 paludibus
552 1348 639 1395 orbem,

66 1424 89 1466 lit
97 1434 211 1479 superesse
221 1420 279 1462 videt
287 1420 314 1462 de
324 1429 357 1462 tot
366 1421 433 1462 modo
442 1418 538 1462 millibus
548 1434 629 1470 uuum.

65 1498 88 1540 u
95 1509 209 1553 superesse
219 1495 276 1536 videt
285 1493 312 1535 de
323 1503 354 1536 tot
363 1494 430 1535 modo
440 1492 536 1535 millibus
546 1507 624 1546 unam;

65 1573 170 1614 innocuos
180 1568 271 1619 ambos,
280 1565 372 1609 cultores
381 1567 478 1609 numinis
487 1567 574 1619 ambos;

65 1645 142 1687 Nubila
151 1640 251 1699 disjecit;
262 1639 385 1694 nimbisque
393 1640 498 1696 Aquilone
509 1642 607 1694 remotis,

63 1720 86 1762 Et
93 1718 148 1762 ooelo
158 1727 228 1759 terras
237 1712 342 1762 ostendit,
353 1720 374 1755 et
382 1713 461 1756 ethera
470 1714 538 1757 terris.

62 1793 102 1835 ileo
112 1789 181 1834 maris
191 1789 224 1830 ira
233 1796 319 1837 manen
329 1785 441 1842 positoque
451 1787 566 1844 tricuspide
576 1788 618 1832 telo
669 1806 671 1808 ’

62 1865 140 1909 llulcet
148 1856 218 1919 aquas
228 1869 299 1903 rector
308 1858 389 1915 pelagi:
399 1874 507 1916 supraque
516 1861 651 1917 profundum

62 1941 197 1985 laetantem,
207 1946 273 1991 atque
282 1934 385 1975 humeros
394 1934 469 1977 innato
478 1935 561 1977 murice
570 1945 664 1983 tectum,

62 2013 182 2056 Caeruleum
190 2009 280 2052 Tritona
290 2016 363 2057 νοσεῖς
372 2007 500 2062 eonchaeque
509 2008 582 2049 sonaci

62 2088 165 2143 inspirare
171 2083 246 2140 jubet,
257 2080 379 2135 lluetusque
389 2091 409 2123 et
418 2080 510 2123 flumina
521 2081 583 2135 signo

62 2161 106 2203 lam
116 2170 217 2202 revocare
226 2156 284 2198 dato.
293 2156 349 2197 Cava
358 2154 450 2196 buccina
458 2151 553 2194 sumitur
561 2148 592 2190 illi

63 2234 157 2285 Tortilis,
167 2234 192 2275 in
201 2231 329 2284 latumque
339 2229 425 2271 turbine
434 2224 510 2269 crescit
518 2223 546 2264 ab
556 2222 612 2262 imot
