1667 2592
88 165 160 216 ulto.
318 163 415 204 LIBER
433 165 475 205 tv.
671 181 707 211 tat

88 250 175 306 Adspicit
184 249 251 299 hane,
260 249 316 292 natis
326 251 464 307 thalamoque
473 253 607 297 Athamantis
615 255 731 300 habentem

89 323 191 366 Sublimes
199 323 295 373 animos,
307 333 328 366 et
336 323 426 366 alumno
434 327 535 377 numine,
543 329 612 382 Juu03

89 398 129 438 Nec
139 396 200 439 tulit:
210 406 231 439 tt
240 410 325 447 mum,
336 398 426 440 «Potuit
433 400 460 440 de
469 399 542 455 pellice
551 413 615 445 natus

52 489 55 495 ·
88 470 170 511 Vertere
180 470 291 519 arsenios,
300 468 417 526 pelagoque
427 471 553 528 immergere
561 486 648 528 nautas,

68 576 70 581 .
87 544 110 585 Et
118 542 229 585 lacerande
237 557 281 585 suae
290 543 335 586 nati
344 544 395 585 dare
404 544 484 586 viscera
493 547 567 597 matri,

86 616 110 657 Et
120 615 210 671 tripliees
218 616 301 671 operire
310 617 370 658 novis
381 617 497 673 Minyeidas
506 617 556 660 alis:

5 700 9 711 ¹
88 689 122 730 Nil
130 688 208 744 poterit
216 691 285 739 luno,
294 689 335 730 nisi
344 689 424 731 inultos
433 690 484 731 llere
492 690 587 733 dotorest

87 761 151 815 quue
160 759 214 801 mihi
223 760 274 803 satis
282 766 326 803 estt
333 761 379 802 haec
389 774 434 802 una
443 762 537 815 potentia
545 772 617 805 nostra
627 771 669 808 estt

88 834 132 887 ipse
141 833 203 874 docet
209 832 261 886 quid
270 846 334 888 agam
343 832 389 889 (las
398 843 430 875 est
439 843 460 876 et
469 834 497 876 ab
505 834 566 877 ltoste
575 836 645 879 doceri
651 837 670 893 ):

89 905 185 962 Quidque
194 903 256 946 furor
265 905 343 956 valeat,
352 906 445 949 Penthea
454 908 510 949 mede
518 907 611 962 satisque

88 981 116 1022 Ae
125 992 188 1033 super
197 978 297 1020 ostendit
305 981 348 1021 Cur
356 992 401 1021 nen
410 980 544 1031 stimuletur,
554 992 630 1037 eatque

87 1054 124 1094 Per
132 1060 224 1108 cognata
231 1049 276 1092 suis
285 1050 381 1106 exempla
389 1050 500 1094 furoribus
508 1055 576 1095 luel»

117 1128 153 1168 est
162 1126 195 1168 via
204 1123 301 1174 declivia,
310 1123 395 1167 funesta
404 1125 480 1167 nubila
491 1136 539 1168 taxo
548 1142 552 1168 :

87 1199 150 1240 Ducit
159 1198 186 1239 ad
195 1198 290 1241 infernas
298 1210 337 1253 per
346 1207 406 1239 muta
415 1196 499 1241 silentia
508 1200 574 1241 sedes.

86 1276 136 1330 Styx
146 1272 235 1314 nebulas
243 1272 328 1315 exhalat
336 1272 405 1314 iners:
416 1272 540 1327 umbraeque
550 1283 643 1317 recentes

86 1345 222 1389 Descendunt
230 1343 289 1395 illac,
297 1343 455 1398 simulacraque
464 1343 539 1385 funeta
547 1344 655 1399 sepulcris.

85 1419 156 1462 Pallor
165 1417 278 1472 fliemsque
288 1425 360 1458 tenent
369 1416 411 1458 late
421 1415 467 1457 leta
476 1425 548 1458 senta:
558 1417 662 1472 nouique,

3 1494 4 1505 ¹
86 1491 232 1549 Quaesitum,
242 1491 325 1538 Manes,
334 1489 428 1545 Stygiam
437 1489 496 1544 quod
504 1488 564 1532 ducit
572 1490 600 1531 atl
608 1492 697 1546 urbem,

84 1569 199 1622 Ignorant;
211 1563 249 1606 ubi
257 1562 285 1605 sit
293 1563 349 1618 nigri
357 1556 404 1604 leta
412 1562 470 1617 regia
478 1562 535 1605 Ditis.

86 1638 146 1682 Mille
156 1630 222 1693 canu
230 1635 314 1686 aditus,
322 1645 344 1677 et
352 1644 436 1690 apertas
445 1635 540 1691 undique
548 1646 621 1691 portas
698 1684 701 1689 ,

84 1713 143 1755 Urbs
152 1711 229 1761 haben
239 1719 306 1764 utque
316 1707 396 1750 fretum
404 1708 431 1749 de
441 1716 486 1750 tota
495 1708 587 1750 flumina
596 1719 662 1763 terra,

84 1785 119 1828 Sic
129 1796 206 1826 omnes
214 1781 299 1824 animas
310 1779 370 1822 lacus
378 1779 456 1835 accipit
463 1779 509 1831 ille;
519 1793 558 1822 nee
567 1781 607 1824 ulli

83 1857 180 1912 Exiguus
189 1853 270 1911 populo
279 1862 322 1903 est,
332 1854 444 1896 turbamve
453 1852 552 1895 accedere
560 1855 631 1897 sentit.

83 1935 165 1975 Errant
173 1940 290 1983 exsangues
299 1926 344 1969 sine
353 1940 442 1982 corpore
450 1935 472 1968 et
481 1926 565 1968 ossibus
575 1929 670 1970 umbra:

83 2008 181 2059 Parsque
191 2002 265 2044 forum
274 2000 393 2053 celebrant,
402 2000 500 2055 partimi
509 2009 565 2042 tecta
573 2001 669 2057 tyrannm

83 2081 137 2122 Pars
147 2076 201 2119 alias
210 2085 278 2124 ames,
287 2074 381 2128 antique
389 2072 512 2115 imitamina
521 2071 575 2114 vitta.

117 2150 215 2194 Sustinet
223 2147 255 2191 ire
263 2147 325 2201 illuc,
334 2145 414 2189 aelesti
422 2146 472 2188 sede
480 2144 565 2195 relata,

180 2235 224 2264 ιιι.
628 2231 642 2269 g
