1667 2592
93 151 172 204 tm
325 152 425 196 titan
441 150 484 197 IV.
681 155 720 196 rad

95 238 171 287 Movit,
181 247 203 281 et
212 237 320 282 obstantes
329 239 402 295 rejecit
410 241 438 282 ab
448 253 484 282 ore
492 239 597 284 colubras.

94 315 162 365 Atque
170 310 211 361 ita,
222 328 234 349 α
241 313 289 353 Non
299 311 367 367 longis
376 325 430 368 opus
439 320 470 355 est
478 313 616 368 ambagibus,
625 311 681 355 infit.

95 383 158 424 faeta
167 393 231 438 puta,
240 397 374 439 quacunque
379 383 456 439 jubes:
466 383 580 426 inamabile
590 397 680 440 regnum

96 458 181 508 besem
192 468 255 512 teque
263 457 319 500 refer
327 457 374 501 ooeii
383 458 478 501 melioris
487 459 514 500 ad
523 472 610 501 auras.»

125 531 181 571 Lata
190 529 320 581 reditium,
329 543 396 585 quam
405 529 483 571 coelum
493 530 571 573 intrare
580 539 692 586 parantem

97 604 180 647 lioratis
188 602 286 647 lustravit
295 605 357 659 aquis
365 604 521 647 Thaumantias
531 604 575 646 iris.

99 676 143 716 Neo
152 688 227 717 mora:
237 674 351 731 Tisiphone
359 675 504 718 madefactam
514 676 616 730 sanguine
625 676 692 720 sumit

99 749 227 804 importuna
235 748 316 801 facem
326 749 436 805 fluidoque
445 763 521 792 eruore
530 750 643 792 rubentem

100 822 201 864 loduitur
208 822 298 878 pallam,
309 833 406 878 tortoque
415 822 533 878 incingitur
540 835 621 877 angue:

102 894 256 950 Egrediturque
264 895 336 936 domo.
346 897 424 937 Luctus
433 894 565 937 comitantur
574 904 674 948 euntem,

102 967 128 1009 Et
137 969 209 1016 Pavor,
219 976 240 1009 et
248 969 331 1017 Terror,
341 967 465 1023 trepidoque
475 966 557 1011 Insania
567 966 634 1010 vultu.

102 1040 186 1083 Limine
195 1040 330 1083 constiterat:
340 1051 410 1096 postes
421 1041 531 1084 tremuisse
540 1040 640 1084 feruntur

104 1114 175 1162 AEolii;
186 1114 295 1170 pallorque
305 1113 361 1156 fores
369 1114 444 1158 infecit
452 1129 549 1166 acernas;

104 1187 183 1244 Solque
192 1187 264 1230 iocum
274 1187 336 1243 fugit.
346 1188 445 1231 Monstris
454 1189 553 1231 exterrita
562 1188 651 1243 conjux,

104 1263 200 1306 Territus
210 1271 242 1304 est
249 1262 362 1305 Athamas:
373 1272 471 1318 tectoque
480 1262 536 1305 exire
545 1264 656 1318 parabant.

106 1336 195 1379 Obstitit
203 1334 288 1386 infelix,
297 1336 423 1391 aditumque
433 1335 517 1378 obsedit
524 1328 614 1391 Erinnys
623 1351 629 1376 ε

107 1414 209 1466 Nexaque
219 1410 307 1466 vipereis
316 1410 438 1453 distendens
447 1408 535 1452 brachia
544 1408 616 1461 nodis,

106 1485 220 1529 Caesariem
229 1484 326 1527 excussit.
335 1487 397 1527 Motae
406 1498 497 1527 sonuere
506 1483 611 1526 colubra:

107 1564 201 1616 Parsque
205 1560 280 1616 jacens
290 1559 396 1610 humeris,
406 1574 455 1615 pars
464 1559 547 1603 eireunt
556 1570 653 1617 tempora
662 1561 724 1618 lapsa
729 1592 736 1615 ‚

107 1635 176 1679 Sibiia
184 1635 247 1684 dant,
256 1634 381 1689 saniemque
390 1644 492 1684 vomunt,
501 1634 626 1691 linguasque
636 1644 758 1681 coruscant.

108 1711 162 1753 Inde
171 1709 226 1751 dnos
234 1707 310 1750 mediis
319 1707 430 1763 abrumpit
438 1707 533 1751 crinibus
541 1722 633 1765 angues,

108 1781 254 1837 Pestiferaque
264 1794 332 1823 manu
341 1789 412 1836 raptos
421 1780 523 1824 immisit:
534 1781 596 1824 atilli

109 1857 218 1909 Inoosque
226 1853 297 1904 sinus,
305 1853 499 1909 Athamanteosque
508 1864 629 1910 pererrant3

109 1926 262 1982 inspirantque
271 1938 343 1981 graves
352 1927 448 1968 animas:
458 1940 497 1969 nee
505 1926 594 1969 vulnera
603 1926 706 1968 membris

112 2000 162 2044 utta
171 1998 255 2050 ierunt;
265 2012 326 2041 mens
335 2008 378 2050 est,
387 2012 434 2054 quae
444 1998 501 2041 diros
509 1999 587 2042 sentiat
595 1999 657 2041 ictus.

112 2073 226 2118 adsuerat
234 2085 308 2116 seeum
317 2072 393 2128 liquidi
402 2086 489 2128 quoque
498 2081 595 2114 monstra
604 2071 690 2124 veneni,

114 2146 163 2190 oris
172 2145 270 2190 Cerberei
278 2158 377 2202 spumas,
386 2154 408 2187 et
416 2143 475 2186 tirus
484 2142 592 2193 thiduae3

656 2227 677 2268 ο.
