1667 2592
92 211 111 239 v.
127 200 175 252 ¹⁵4·
333 198 434 239 LlllEll
451 199 494 241 lv.
692 213 729 242 ιιι

94 289 138 330 lioe
147 298 222 331 tumen
230 268 349 329 simborum
359 286 429 329 verbis
438 297 506 331 estote
515 288 595 344 rogati,

92 364 110 403 0
120 361 217 404 multum
227 361 312 411 miseri,
322 375 384 403 meus
393 361 504 417 illiusque,
514 372 625 418 parentes,

93 437 132 485 Ut,
141 447 196 489 quos
205 447 266 477 serus
274 447 349 485 amor,
359 447 414 489 quos
424 434 477 476 hora
486 434 603 476 novissima
609 433 695 491 junxit,

93 508 201 564 componi
212 507 297 550 tumulo
307 521 351 549 nou
361 507 473 550 invideatis
483 508 567 552 endem.

92 584 120 623 At
130 592 164 630 tu,
175 594 223 636 quie
233 580 299 623 ramis
308 582 374 622 arbor
383 580 505 623 miserabile
514 595 593 637 corpus

93 655 159 696 Nunc
170 654 222 710 tegit
230 654 308 705 unius,
318 668 369 697 mox
379 669 401 697 es
411 664 495 697 tectura
504 656 611 706 duorum,

93 729 157 785 Signa
168 738 216 771 tene
225 729 298 778 caedis;
308 728 433 784 pullosque,
443 739 464 771 et
474 728 568 771 luctibus
578 739 639 784 aptos

92 804 183 857 Semper
192 802 248 844 habe
258 801 332 851 fretus,
343 802 424 857 gemini
434 811 578 844 monumenta
588 801 699 844 cruorislu

121 876 190 918 Dixit:
200 886 222 919 et
230 886 305 932 optato
313 886 388 933 pectus
397 888 502 918 mucrone
511 875 552 918 suh
561 875 633 917 imum

93 949 197 992 Incubuit
206 948 274 999 ferro,
284 951 342 1005 quod
352 951 424 992 adhuc
434 963 446 991 a
455 950 512 993 crede
521 950 613 1005 tepebat.

93 1023 150 1065 Vota
160 1033 233 1065 tumen
244 1024 329 1079 tetigere
338 1025 401 1075 deos,
412 1024 499 1080 tetigere
508 1033 616 1079 parentes:

90 1095 219 1145 Nameolor
227 1097 249 1138 in
261 1110 328 1152 pomo
337 1107 380 1147 est,
391 1097 429 1139 ubi
439 1097 595 1153 permaturuit,
605 1106 662 1149 eter3

91 1171 200 1228 Quodque
210 1171 266 1226 rogis
274 1181 382 1227 superest,
391 1185 437 1213 unu
446 1171 559 1227 requiescit
568 1172 591 1213 in
601 1185 662 1213 urna.
669 1187 681 1210 n

122 1318 546 1373 tvmnmrr:mediumquefuitbreve
553 1328 760 1374 tempne3etom2icsr

93 1394 167 1436 Dicere
176 1394 300 1436 Leuconoe:
311 1407 386 1435 vocem
397 1404 484 1435 tenuere
494 1405 584 1434 sorores.
707 1443 710 1450 Ι

94 1485 106 1506 ι
113 1470 175 1510 liunc
184 1481 282 1524 quoque,
292 1468 374 1510 siderea
383 1466 422 1522 qui
432 1475 538 1522 temperat
546 1466 620 1508 omniu
629 1466 688 1517 luce,

92 1540 155 1596 Cepit
164 1553 227 1581 umor
235 1539 313 1582 Solem.
323 1539 376 1582 Solis
387 1538 505 1581 referemus
515 1553 607 1583 umores.

93 1613 181 1656 Primus
190 1613 321 1657 adulterium
332 1615 422 1656 Veneris
430 1628 482 1656 cum
493 1617 559 1659 Marte
568 1626 659 1672 putatur

93 1689 131 1730 llic
141 1688 217 1730 vidisse
227 1690 294 1730 Dens:
305 1688 361 1731 videt
370 1687 405 1730 hic
414 1691 470 1731 Deus
479 1690 554 1732 omnia
562 1690 652 1746 primus.

92 1763 189 1805 Indoluit
198 1761 256 1804 facto
265 1780 269 1804 :
278 1762 462 1818 Junonigenaeque
473 1763 552 1806 merito

92 1840 157 1880 Furta
168 1835 221 1886 tori,
231 1835 327 1892 furtique
340 1836 413 1878 locum
424 1838 559 1880 monstravit.
568 1841 593 1881 lt
603 1837 634 1880 illi

90 1912 116 1953 Et
127 1924 199 1959 meus,
209 1919 231 1951 et
239 1910 298 1965 quod
307 1922 362 1965 opus
372 1909 454 1952 febrilis
463 1911 537 1953 dextre
546 1911 644 1962 tenebat,

90 1982 180 2026 Excidit„
190 1981 302 2038 Extemplo
311 1982 399 2038 graciles
408 1997 433 2025 ex
443 1996 484 2025 tere
493 1993 589 2033 catenae,

90 2055 205 2110 Retiaque.
215 2064 237 2097 et
245 2054 344 2110 laqueos,
354 2069 402 2111 quie
411 2055 496 2097 lumina
506 2054 579 2098 fallere
588 2054 681 2110 possint.

90 2128 177 2172 Elimat.
187 2130 236 2171 Non
245 2129 299 2171 illud
308 2144 363 2186 opus
372 2129 498 2173 tenuissime
508 2129 595 2171 vincant

89 2204 198 2255 stamina.
207 2218 252 2247 non
260 2199 349 2247 summo
358 2218 407 2259 quae
416 2204 495 2259 pendet
503 2216 581 2245 aranea
591 2201 657 2257 tigno.
