<?xml version="1.0" encoding="UTF-8"?>
<!DOCTYPE html PUBLIC "-//W3C//DTD XHTML 1.0 Transitional//EN"
    "http://www.w3.org/TR/xhtml1/DTD/xhtml1-transitional.dtd">
<html xmlns="http://www.w3.org/1999/xhtml" xml:lang="en" lang="en">
 <head>
  <title>
</title>
<meta http-equiv="Content-Type" content="text/html;charset=utf-8" />
  <meta name='ocr-system' content='tesseract 3.04.00' />
  <meta name='ocr-capabilities' content='ocr_page ocr_carea ocr_par ocr_line ocrx_word'/>
</head>
<body>
  <div class='ocr_page' id='page_1' title='image "./opera00accugoog/opera00accugoog_0204.png"; bbox 0 0 1667 2592; ppageno 0'>
   <div class='ocr_carea' id='block_1_1' title="bbox 105 160 814 227">
    <p class='ocr_par' dir='ltr' id='par_1_1' title="bbox 105 160 814 227">
     <span class='ocr_line' id='line_1_1' title="bbox 105 160 814 227; baseline 0.004 -24"><span class='ocrx_word' id='word_1_1' title='bbox 105 173 144 218; x_wconf 79' lang='lat'>¹9²</span> <span class='ocrx_word' id='word_1_2' title='bbox 256 160 587 205; x_wconf 70' lang='lat' dir='ltr'><strong>METAMORPHOSEON</strong></span> <span class='ocrx_word' id='word_1_3' title='bbox 661 163 751 206; x_wconf 57' lang='lat' dir='ltr'>nott.</span> <span class='ocrx_word' id='word_1_4' title='bbox 811 224 814 227; x_wconf 26' lang='lat'><em>¹</em></span> 
     </span>
    </p>
   </div>
   <div class='ocr_carea' id='block_1_2' title="bbox 102 251 647 455">
    <p class='ocr_par' dir='ltr' id='par_1_2' title="bbox 102 251 647 455">
     <span class='ocr_line' id='line_1_2' title="bbox 102 251 647 310; baseline 0.002 -16"><span class='ocrx_word' id='word_1_5' title='bbox 102 251 204 302; x_wconf 66' lang='lat' dir='ltr'>Prosilit,</span> <span class='ocrx_word' id='word_1_6' title='bbox 214 252 315 310; x_wconf 74' lang='lat' dir='ltr'><strong>Ityosque</strong></span> <span class='ocrx_word' id='word_1_7' title='bbox 324 261 390 308; x_wconf 89' lang='lat' dir='ltr'>eaput</span> <span class='ocrx_word' id='word_1_8' title='bbox 398 251 521 294; x_wconf 86' lang='lat' dir='ltr'>Philomela·</span> <span class='ocrx_word' id='word_1_9' title='bbox 528 260 647 295; x_wconf 84' lang='lat' dir='ltr'>cruentum</span> 
     </span>
     <span class='ocr_line' id='line_1_3' title="bbox 104 322 620 381; baseline 0 -15"><span class='ocrx_word' id='word_1_10' title='bbox 104 323 161 366; x_wconf 86' lang='lat' dir='ltr'>Misit</span> <span class='ocrx_word' id='word_1_11' title='bbox 171 325 194 366; x_wconf 95' lang='lat' dir='ltr'>in</span> <span class='ocrx_word' id='word_1_12' title='bbox 203 338 240 366; x_wconf 90' lang='lat' dir='ltr'>ora</span> <span class='ocrx_word' id='word_1_13' title='bbox 251 325 320 381; x_wconf 81' lang='lat' dir='ltr'>patri:</span> <span class='ocrx_word' id='word_1_14' title='bbox 330 339 369 366; x_wconf 91' lang='lat' dir='ltr'>nec</span> <span class='ocrx_word' id='word_1_15' title='bbox 379 334 476 379; x_wconf 90' lang='lat' dir='ltr'>tempore</span> <span class='ocrx_word' id='word_1_16' title='bbox 486 323 566 366; x_wconf 87' lang='lat' dir='ltr'>maluit</span> <span class='ocrx_word' id='word_1_17' title='bbox 574 322 620 366; x_wconf 86' lang='lat' dir='ltr'>ullo</span> 
     </span>
     <span class='ocr_line' id='line_1_4' title="bbox 104 397 620 455; baseline -0.004 -13"><span class='ocrx_word' id='word_1_18' title='bbox 104 401 167 442; x_wconf 82' lang='lat' dir='ltr'>Posse</span> <span class='ocrx_word' id='word_1_19' title='bbox 177 398 248 455; x_wconf 81' lang='lat' dir='ltr'>loqui,</span> <span class='ocrx_word' id='word_1_20' title='bbox 257 409 279 442; x_wconf 89' lang='lat' dir='ltr'>et</span> <span class='ocrx_word' id='word_1_21' title='bbox 287 398 370 442; x_wconf 90' lang='lat' dir='ltr'>meritis</span> <span class='ocrx_word' id='word_1_22' title='bbox 379 398 453 441; x_wconf 86' lang='lat' dir='ltr'>testari</span> <span class='ocrx_word' id='word_1_23' title='bbox 462 398 541 454; x_wconf 76' lang='lat' dir='ltr'>gaudia</span> <span class='ocrx_word' id='word_1_24' title='bbox 550 397 620 441; x_wconf 88' lang='lat' dir='ltr'>dictis.</span> 
     </span>
    </p>
   </div>
   <div class='ocr_carea' id='block_1_3' title="bbox 6 472 600 531">
    <p class='ocr_par' dir='ltr' id='par_1_3' title="bbox 6 472 600 531">
     <span class='ocr_line' id='line_1_5' title="bbox 6 472 600 531; baseline -0.002 -14"><span class='ocrx_word' id='word_1_25' title='bbox 6 505 12 525; x_wconf 80' lang='grc'>,</span> <span class='ocrx_word' id='word_1_26' title='bbox 102 475 207 517; x_wconf 83' lang='lat' dir='ltr'>Thracius</span> <span class='ocrx_word' id='word_1_27' title='bbox 216 474 298 531; x_wconf 71' lang='lat' dir='ltr'>ingenti</span> <span class='ocrx_word' id='word_1_28' title='bbox 307 488 392 516; x_wconf 86' lang='lat' dir='ltr'>mensas</span> <span class='ocrx_word' id='word_1_29' title='bbox 401 472 497 516; x_wconf 88' lang='lat' dir='ltr'>elamore</span> <span class='ocrx_word' id='word_1_30' title='bbox 506 473 600 530; x_wconf 79' lang='lat' dir='ltr'>repellit,</span> 
     </span>
    </p>
   </div>
   <div class='ocr_carea' id='block_1_4' title="bbox 105 545 690 1267">
    <p class='ocr_par' dir='ltr' id='par_1_4' title="bbox 106 545 588 604">
     <span class='ocr_line' id='line_1_6' title="bbox 106 545 588 604; baseline -0.006 -14"><span class='ocrx_word' id='word_1_31' title='bbox 106 546 250 603; x_wconf 75' lang='lat' dir='ltr'>vipereasque</span> <span class='ocrx_word' id='word_1_32' title='bbox 259 547 301 601; x_wconf 82' lang='lat' dir='ltr'>ciet</span> <span class='ocrx_word' id='word_1_33' title='bbox 310 546 381 604; x_wconf 75' lang='lat' dir='ltr'>Stygia</span> <span class='ocrx_word' id='word_1_34' title='bbox 392 546 419 588; x_wconf 91' lang='lat' dir='ltr'>de</span> <span class='ocrx_word' id='word_1_35' title='bbox 428 545 482 588; x_wconf 86' lang='lat' dir='ltr'>valle</span> <span class='ocrx_word' id='word_1_36' title='bbox 491 559 588 589; x_wconf 84' lang='lat' dir='ltr'>sorores:</span> 
     </span>
    </p>

    <p class='ocr_par' dir='ltr' id='par_1_5' title="bbox 105 619 690 1267">
     <span class='ocr_line' id='line_1_7' title="bbox 105 619 600 676; baseline -0.004 -13"><span class='ocrx_word' id='word_1_37' title='bbox 105 623 131 664; x_wconf 81' lang='lat' dir='ltr'>Et</span> <span class='ocrx_word' id='word_1_38' title='bbox 140 621 218 671; x_wconf 85' lang='lat' dir='ltr'>modo,</span> <span class='ocrx_word' id='word_1_39' title='bbox 228 621 244 663; x_wconf 89' lang='lat' dir='ltr'>si</span> <span class='ocrx_word' id='word_1_40' title='bbox 255 620 332 676; x_wconf 81' lang='lat' dir='ltr'><strong>possit,</strong></span> <span class='ocrx_word' id='word_1_41' title='bbox 342 629 436 662; x_wconf 83' lang='lat' dir='ltr'>reserato</span> <span class='ocrx_word' id='word_1_42' title='bbox 447 630 533 676; x_wconf 83' lang='lat' dir='ltr'>pectore</span> <span class='ocrx_word' id='word_1_43' title='bbox 542 619 600 661; x_wconf 87' lang='lat' dir='ltr'>diras</span> 
     </span>
     <span class='ocr_line' id='line_1_8' title="bbox 106 691 666 749; baseline 0 -15"><span class='ocrx_word' id='word_1_44' title='bbox 106 694 195 749; x_wconf 75' lang='lat' dir='ltr'>Egerere</span> <span class='ocrx_word' id='word_1_45' title='bbox 203 692 254 735; x_wconf 90' lang='lat' dir='ltr'>inde</span> <span class='ocrx_word' id='word_1_46' title='bbox 263 694 338 749; x_wconf 85' lang='lat' dir='ltr'>dapes,</span> <span class='ocrx_word' id='word_1_47' title='bbox 348 693 489 747; x_wconf 81' lang='lat' dir='ltr'>demersaque</span> <span class='ocrx_word' id='word_1_48' title='bbox 499 693 580 734; x_wconf 82' lang='lat' dir='ltr'>viscera</span> <span class='ocrx_word' id='word_1_49' title='bbox 590 691 666 748; x_wconf 77' lang='lat' dir='ltr'>gestit:</span> 
     </span>
     <span class='ocr_line' id='line_1_9' title="bbox 105 764 686 822; baseline 0 -15"><span class='ocrx_word' id='word_1_50' title='bbox 105 765 151 808; x_wconf 84' lang='lat' dir='ltr'>Flet</span> <span class='ocrx_word' id='word_1_51' title='bbox 160 766 238 818; x_wconf 89' lang='lat' dir='ltr'>modo,</span> <span class='ocrx_word' id='word_1_52' title='bbox 247 780 312 822; x_wconf 86' lang='lat' dir='ltr'>seque</span> <span class='ocrx_word' id='word_1_53' title='bbox 321 775 383 808; x_wconf 81' lang='lat' dir='ltr'>vocat</span> <span class='ocrx_word' id='word_1_54' title='bbox 391 766 483 809; x_wconf 86' lang='lat' dir='ltr'>bustum</span> <span class='ocrx_word' id='word_1_55' title='bbox 493 764 615 808; x_wconf 75' lang='lat' dir='ltr'>miserabile</span> <span class='ocrx_word' id='word_1_56' title='bbox 624 766 686 808; x_wconf 83' lang='lat' dir='ltr'>nati:</span> 
     </span>
     <span class='ocr_line' id='line_1_10' title="bbox 107 839 631 897; baseline 0 -15"><span class='ocrx_word' id='word_1_57' title='bbox 107 841 171 883; x_wconf 89' lang='lat' dir='ltr'>Nune</span> <span class='ocrx_word' id='word_1_58' title='bbox 180 840 277 896; x_wconf 89' lang='lat' dir='ltr'>sequitur</span> <span class='ocrx_word' id='word_1_59' title='bbox 286 841 346 883; x_wconf 88' lang='lat' dir='ltr'>nudo</span> <span class='ocrx_word' id='word_1_60' title='bbox 356 841 438 897; x_wconf 72' lang='lat' dir='ltr'>genitas</span> <span class='ocrx_word' id='word_1_61' title='bbox 447 841 556 884; x_wconf 77' lang='lat' dir='ltr'>Pandione</span> <span class='ocrx_word' id='word_1_62' title='bbox 566 839 631 883; x_wconf 87' lang='lat' dir='ltr'>lerro.</span> 
     </span>
     <span class='ocr_line' id='line_1_11' title="bbox 107 913 652 971; baseline -0.004 -13"><span class='ocrx_word' id='word_1_63' title='bbox 107 916 204 970; x_wconf 81' lang='lat' dir='ltr'>Corpora</span> <span class='ocrx_word' id='word_1_64' title='bbox 212 915 355 971; x_wconf 79' lang='lat' dir='ltr'>cecropidum</span> <span class='ocrx_word' id='word_1_65' title='bbox 364 913 441 971; x_wconf 87' lang='lat' dir='ltr'>pennis</span> <span class='ocrx_word' id='word_1_66' title='bbox 450 915 543 971; x_wconf 90' lang='lat' dir='ltr'>pendere</span> <span class='ocrx_word' id='word_1_67' title='bbox 551 924 652 971; x_wconf 57' lang='lat' dir='ltr'>putarem</span> 
     </span>
     <span class='ocr_line' id='line_1_12' title="bbox 106 988 656 1045; baseline 0.007 -17"><span class='ocrx_word' id='word_1_68' title='bbox 106 988 232 1031; x_wconf 84' lang='lat' dir='ltr'>Pendebant</span> <span class='ocrx_word' id='word_1_69' title='bbox 242 989 329 1044; x_wconf 88' lang='lat' dir='ltr'>pennis:</span> <span class='ocrx_word' id='word_1_70' title='bbox 338 1002 433 1045; x_wconf 91' lang='lat' dir='ltr'>quarum</span> <span class='ocrx_word' id='word_1_71' title='bbox 444 989 498 1045; x_wconf 89' lang='lat' dir='ltr'>petit</span> <span class='ocrx_word' id='word_1_72' title='bbox 505 988 572 1031; x_wconf 84' lang='lat' dir='ltr'>altera</span> <span class='ocrx_word' id='word_1_73' title='bbox 581 988 656 1040; x_wconf 80' lang='lat' dir='ltr'>silvas;</span> 
     </span>
     <span class='ocr_line' id='line_1_13' title="bbox 106 1060 690 1120; baseline 0.003 -16"><span class='ocrx_word' id='word_1_74' title='bbox 106 1060 179 1105; x_wconf 78' lang='lat' dir='ltr'>Altera</span> <span class='ocrx_word' id='word_1_75' title='bbox 188 1070 243 1104; x_wconf 86' lang='lat' dir='ltr'>tecta</span> <span class='ocrx_word' id='word_1_76' title='bbox 252 1062 317 1104; x_wconf 84' lang='lat' dir='ltr'>subit.</span> <span class='ocrx_word' id='word_1_77' title='bbox 328 1064 403 1117; x_wconf 84' lang='lat' dir='ltr'>Neque</span> <span class='ocrx_word' id='word_1_78' title='bbox 412 1063 484 1106; x_wconf 88' lang='lat' dir='ltr'>adhue</span> <span class='ocrx_word' id='word_1_79' title='bbox 493 1063 520 1105; x_wconf 88' lang='lat' dir='ltr'>de</span> <span class='ocrx_word' id='word_1_80' title='bbox 529 1071 614 1120; x_wconf 89' lang='lat' dir='ltr'>pectore</span> <span class='ocrx_word' id='word_1_81' title='bbox 623 1063 690 1106; x_wconf 70' lang='lat' dir='ltr'>cedis</span> 
     </span>
     <span class='ocr_line' id='line_1_14' title="bbox 106 1135 675 1193; baseline 0.002 -14"><span class='ocrx_word' id='word_1_82' title='bbox 106 1135 215 1179; x_wconf 81' lang='lat' dir='ltr'>Effluxere</span> <span class='ocrx_word' id='word_1_83' title='bbox 223 1147 291 1186; x_wconf 83' lang='lat' dir='ltr'>notae,</span> <span class='ocrx_word' id='word_1_84' title='bbox 300 1136 426 1192; x_wconf 74' lang='lat' dir='ltr'>signataque</span> <span class='ocrx_word' id='word_1_85' title='bbox 436 1137 540 1193; x_wconf 73' lang='lat' dir='ltr'>sanquine</span> <span class='ocrx_word' id='word_1_86' title='bbox 549 1136 626 1193; x_wconf 84' lang='lat' dir='ltr'>pluma</span> <span class='ocrx_word' id='word_1_87' title='bbox 634 1146 675 1180; x_wconf 83' lang='lat' dir='ltr'>est.</span> 
     </span>
     <span class='ocr_line' id='line_1_15' title="bbox 106 1208 600 1267; baseline 0.002 -16"><span class='ocrx_word' id='word_1_88' title='bbox 106 1208 144 1251; x_wconf 81' lang='lat' dir='ltr'>Ille</span> <span class='ocrx_word' id='word_1_89' title='bbox 154 1209 228 1252; x_wconf 90' lang='lat' dir='ltr'>dolore</span> <span class='ocrx_word' id='word_1_90' title='bbox 236 1224 288 1261; x_wconf 87' lang='lat' dir='ltr'>suo,</span> <span class='ocrx_word' id='word_1_91' title='bbox 298 1223 407 1266; x_wconf 74' lang='lat' dir='ltr'>poenmque</span> <span class='ocrx_word' id='word_1_92' title='bbox 417 1211 519 1267; x_wconf 87' lang='lat' dir='ltr'>cupidine</span> <span class='ocrx_word' id='word_1_93' title='bbox 529 1210 600 1260; x_wconf 83' lang='lat' dir='ltr'>velox,</span> 
     </span>
    </p>
   </div>
   <div class='ocr_carea' id='block_1_5' title="bbox 108 1283 707 1415">
    <p class='ocr_par' dir='ltr' id='par_1_6' title="bbox 108 1283 707 1415">
     <span class='ocr_line' id='line_1_16' title="bbox 108 1283 692 1342; baseline 0 -16"><span class='ocrx_word' id='word_1_94' title='bbox 108 1283 207 1326; x_wconf 83' lang='lat' dir='ltr'>Vertitur</span> <span class='ocrx_word' id='word_1_95' title='bbox 214 1283 238 1325; x_wconf 90' lang='lat' dir='ltr'>in</span> <span class='ocrx_word' id='word_1_96' title='bbox 248 1283 369 1336; x_wconf 75' lang='lat' dir='ltr'>volucrem,</span> <span class='ocrx_word' id='word_1_97' title='bbox 379 1284 414 1326; x_wconf 89' lang='lat' dir='ltr'>eui</span> <span class='ocrx_word' id='word_1_98' title='bbox 424 1284 514 1327; x_wconf 81' lang='lat' dir='ltr'>stantia</span> <span class='ocrx_word' id='word_1_99' title='bbox 523 1283 601 1327; x_wconf 81' lang='lat' dir='ltr'>vertice</span> <span class='ocrx_word' id='word_1_100' title='bbox 610 1284 692 1342; x_wconf 66' lang='lat' dir='ltr'>erista,</span> 
     </span>
     <span class='ocr_line' id='line_1_17' title="bbox 108 1357 707 1415; baseline 0 -15"><span class='ocrx_word' id='word_1_101' title='bbox 108 1357 220 1401; x_wconf 84' lang='lat' dir='ltr'>Prominet</span> <span class='ocrx_word' id='word_1_102' title='bbox 228 1358 373 1402; x_wconf 85' lang='lat' dir='ltr'>immodicum</span> <span class='ocrx_word' id='word_1_103' title='bbox 382 1358 495 1415; x_wconf 78' lang='lat' dir='ltr'>prolonga</span> <span class='ocrx_word' id='word_1_104' title='bbox 505 1358 592 1415; x_wconf 78' lang='lat' dir='ltr'>cuspide</span> <span class='ocrx_word' id='word_1_105' title='bbox 602 1368 707 1402; x_wconf 84' lang='lat' dir='ltr'>rostrum.</span> 
     </span>
    </p>
   </div>
   <div class='ocr_carea' id='block_1_6' title="bbox 109 1431 684 1635">
    <p class='ocr_par' dir='ltr' id='par_1_7' title="bbox 109 1431 684 1635">
     <span class='ocr_line' id='line_1_18' title="bbox 110 1431 653 1489; baseline 0.004 -17"><span class='ocrx_word' id='word_1_106' title='bbox 110 1432 196 1474; x_wconf 86' lang='lat' dir='ltr'>Nomen</span> <span class='ocrx_word' id='word_1_107' title='bbox 205 1433 275 1489; x_wconf 87' lang='lat' dir='ltr'>Epops</span> <span class='ocrx_word' id='word_1_108' title='bbox 285 1432 380 1475; x_wconf 83' lang='lat' dir='ltr'>volucri:</span> <span class='ocrx_word' id='word_1_109' title='bbox 391 1431 457 1475; x_wconf 84' lang='lat' dir='ltr'>facies</span> <span class='ocrx_word' id='word_1_110' title='bbox 465 1442 551 1479; x_wconf 84' lang='lat' dir='ltr'>armata</span> <span class='ocrx_word' id='word_1_111' title='bbox 562 1432 653 1475; x_wconf 82' lang='lat' dir='ltr'>videtur.</span> 
     </span>
     <span class='ocr_line' id='line_1_19' title="bbox 110 1505 684 1564; baseline 0.007 -18"><span class='ocrx_word' id='word_1_112' title='bbox 110 1507 148 1546; x_wconf 87' lang='lat' dir='ltr'>llic</span> <span class='ocrx_word' id='word_1_113' title='bbox 157 1505 219 1548; x_wconf 88' lang='lat' dir='ltr'>dolor</span> <span class='ocrx_word' id='word_1_114' title='bbox 228 1516 278 1550; x_wconf 88' lang='lat' dir='ltr'>ante</span> <span class='ocrx_word' id='word_1_115' title='bbox 287 1507 357 1558; x_wconf 86' lang='lat' dir='ltr'>diem,</span> <span class='ocrx_word' id='word_1_116' title='bbox 366 1507 478 1564; x_wconf 69' lang='lat' dir='ltr'>longaeque</span> <span class='ocrx_word' id='word_1_117' title='bbox 487 1516 583 1551; x_wconf 84' lang='lat' dir='ltr'>extrema</span> <span class='ocrx_word' id='word_1_118' title='bbox 592 1516 684 1550; x_wconf 72' lang='lat' dir='ltr'>seneetoe</span> 
     </span>
     <span class='ocr_line' id='line_1_20' title="bbox 109 1580 683 1635; baseline 0.005 -14"><span class='ocrx_word' id='word_1_119' title='bbox 109 1580 230 1635; x_wconf 84' lang='lat' dir='ltr'>Tempora,</span> <span class='ocrx_word' id='word_1_120' title='bbox 238 1582 349 1624; x_wconf 82' lang='lat' dir='ltr'>Tartareas</span> <span class='ocrx_word' id='word_1_121' title='bbox 358 1582 470 1625; x_wconf 82' lang='lat' dir='ltr'>Pandiona</span> <span class='ocrx_word' id='word_1_122' title='bbox 478 1580 539 1625; x_wconf 81' lang='lat' dir='ltr'>misit</span> <span class='ocrx_word' id='word_1_123' title='bbox 547 1581 575 1624; x_wconf 85' lang='lat' dir='ltr'>ad</span> <span class='ocrx_word' id='word_1_124' title='bbox 584 1581 683 1624; x_wconf 84' lang='lat' dir='ltr'>umbras.</span> 
     </span>
    </p>
   </div>
   <div class='ocr_carea' id='block_1_7' title="bbox 111 1727 782 2228">
    <p class='ocr_par' dir='ltr' id='par_1_8' title="bbox 111 1727 782 2228">
     <span class='ocr_line' id='line_1_21' title="bbox 143 1727 782 1786; baseline 0.008 -17"><span class='ocrx_word' id='word_1_125' title='bbox 143 1728 181 1769; x_wconf 87' lang='lat' dir='ltr'>x1.</span> <span class='ocrx_word' id='word_1_126' title='bbox 190 1728 285 1770; x_wconf 70' lang='lat' dir='ltr'>Scatrae</span> <span class='ocrx_word' id='word_1_127' title='bbox 295 1727 348 1780; x_wconf 81' lang='lat' dir='ltr'>loci,</span> <span class='ocrx_word' id='word_1_128' title='bbox 358 1743 475 1786; x_wconf 86' lang='lat' dir='ltr'>rerumque</span> <span class='ocrx_word' id='word_1_129' title='bbox 484 1728 542 1786; x_wconf 85' lang='lat' dir='ltr'>capit</span> <span class='ocrx_word' id='word_1_130' title='bbox 550 1729 694 1773; x_wconf 72' lang='lat' dir='ltr'>moderamen</span> <span class='ocrx_word' id='word_1_131' title='bbox 702 1730 782 1774; x_wconf 80' lang='lat' dir='ltr'>Erech·</span> 
     </span>
     <span class='ocr_line' id='line_1_22' title="bbox 199 1800 275 1852; baseline -0.013 -8"><span class='ocrx_word' id='word_1_132' title='bbox 199 1800 275 1852; x_wconf 78' lang='lat' dir='ltr'>theus3</span> 
     </span>
     <span class='ocr_line' id='line_1_23' title="bbox 111 1875 625 1933; baseline 0 -15"><span class='ocrx_word' id='word_1_133' title='bbox 111 1875 199 1918; x_wconf 75' lang='lat' dir='ltr'>lustitia</span> <span class='ocrx_word' id='word_1_134' title='bbox 207 1876 313 1927; x_wconf 84' lang='lat' dir='ltr'>dubium,</span> <span class='ocrx_word' id='word_1_135' title='bbox 322 1875 425 1919; x_wconf 76' lang='lat' dir='ltr'>validisne</span> <span class='ocrx_word' id='word_1_136' title='bbox 434 1876 543 1933; x_wconf 87' lang='lat' dir='ltr'>potentior</span> <span class='ocrx_word' id='word_1_137' title='bbox 551 1877 625 1920; x_wconf 87' lang='lat' dir='ltr'>armis.</span> 
     </span>
     <span class='ocr_line' id='line_1_24' title="bbox 113 1947 702 2007; baseline 0.007 -17"><span class='ocrx_word' id='word_1_138' title='bbox 113 1949 212 2007; x_wconf 81' lang='lat' dir='ltr'>Quatuor</span> <span class='ocrx_word' id='word_1_139' title='bbox 221 1947 256 1990; x_wconf 92' lang='lat' dir='ltr'>ille</span> <span class='ocrx_word' id='word_1_140' title='bbox 265 1949 353 2004; x_wconf 86' lang='lat' dir='ltr'>quidem</span> <span class='ocrx_word' id='word_1_141' title='bbox 360 1948 463 2005; x_wconf 78' lang='lat' dir='ltr'>juvenes,</span> <span class='ocrx_word' id='word_1_142' title='bbox 474 1949 607 2005; x_wconf 88' lang='lat' dir='ltr'>totidemque</span> <span class='ocrx_word' id='word_1_143' title='bbox 616 1960 702 1994; x_wconf 80' lang='lat' dir='ltr'>crearat</span> 
     </span>
     <span class='ocr_line' id='line_1_25' title="bbox 111 2022 647 2079; baseline 0.006 -16"><span class='ocrx_word' id='word_1_144' title='bbox 111 2022 217 2064; x_wconf 75' lang='lat' dir='ltr'>Femineae</span> <span class='ocrx_word' id='word_1_145' title='bbox 227 2022 303 2065; x_wconf 84' lang='lat' dir='ltr'>sortis:</span> <span class='ocrx_word' id='word_1_146' title='bbox 313 2023 350 2065; x_wconf 88' lang='lat' dir='ltr'>sed</span> <span class='ocrx_word' id='word_1_147' title='bbox 359 2032 405 2065; x_wconf 87' lang='lat' dir='ltr'>erat</span> <span class='ocrx_word' id='word_1_148' title='bbox 414 2037 454 2079; x_wconf 84' lang='lat' dir='ltr'>par</span> <span class='ocrx_word' id='word_1_149' title='bbox 462 2023 536 2066; x_wconf 86' lang='lat' dir='ltr'>forma</span> <span class='ocrx_word' id='word_1_150' title='bbox 544 2024 647 2066; x_wconf 83' lang='lat' dir='ltr'>duarum.</span> 
     </span>
     <span class='ocr_line' id='line_1_26' title="bbox 111 2095 635 2154; baseline 0.008 -18"><span class='ocrx_word' id='word_1_151' title='bbox 111 2097 128 2136; x_wconf 89' lang='lat' dir='ltr'>E</span> <span class='ocrx_word' id='word_1_152' title='bbox 136 2096 216 2150; x_wconf 86' lang='lat' dir='ltr'>quibus</span> <span class='ocrx_word' id='word_1_153' title='bbox 225 2095 315 2140; x_wconf 81' lang='lat' dir='ltr'>AEolides</span> <span class='ocrx_word' id='word_1_154' title='bbox 323 2096 430 2153; x_wconf 86' lang='lat' dir='ltr'>Cephalus</span> <span class='ocrx_word' id='word_1_155' title='bbox 441 2105 461 2140; x_wconf 85' lang='lat' dir='ltr'>te</span> <span class='ocrx_word' id='word_1_156' title='bbox 470 2097 563 2154; x_wconf 72' lang='lat' dir='ltr'>conjuge</span> <span class='ocrx_word' id='word_1_157' title='bbox 572 2096 635 2149; x_wconf 81' lang='lat' dir='ltr'>felix,</span> 
     </span>
     <span class='ocr_line' id='line_1_27' title="bbox 111 2167 705 2228; baseline 0.013 -19"><span class='ocrx_word' id='word_1_158' title='bbox 111 2168 194 2220; x_wconf 74' lang='lat' dir='ltr'>Procri,</span> <span class='ocrx_word' id='word_1_159' title='bbox 204 2167 260 2212; x_wconf 79' lang='lat' dir='ltr'>fuit:</span> <span class='ocrx_word' id='word_1_160' title='bbox 271 2171 341 2215; x_wconf 72' lang='lat' dir='ltr'>Boreae</span> <span class='ocrx_word' id='word_1_161' title='bbox 350 2172 429 2214; x_wconf 81' lang='lat' dir='ltr'>Terens</span> <span class='ocrx_word' id='word_1_162' title='bbox 438 2170 574 2228; x_wconf 77' lang='lat' dir='ltr'>Thracesque</span> <span class='ocrx_word' id='word_1_163' title='bbox 583 2171 705 2227; x_wconf 58' lang='lat' dir='ltr'>nocebantg</span> 
     </span>
    </p>
   </div>
   <div class='ocr_carea' id='block_1_8' title="bbox 0 0 849 2592">
    <p class='ocr_par' dir='ltr' id='par_1_9' title="bbox 0 0 849 2592">
     <span class='ocr_line' id='line_1_28' title="bbox 0 0 849 2592; baseline 0 0"><span class='ocrx_word' id='word_1_164' title='bbox 0 0 849 2592; x_wconf 95' lang='lat' dir='ltr'> </span> 
     </span>
    </p>
   </div>
  </div>
 </body>
</html>
