1667 2592
84 240 105 271 v.
118 228 169 270 ata.
321 226 422 269 uttan
439 227 497 270 Vll.
684 244 725 284 2⁰7

116 317 202 359 Interea
211 313 308 358 validum
318 315 388 372 posito
397 315 533 358 medicamen
543 331 597 359 aeno

86 391 175 441 Fervet,
185 398 206 432 et
215 389 319 440 exsultat,
328 389 455 445 spumisque
465 390 600 433 tumentibus
610 388 674 433 albet.

85 464 134 507 Illic
145 465 256 511 flamonia
266 464 347 508 radices
357 464 410 508 valle
421 475 523 518 resectas,

87 537 233 595 Seminaque,
242 537 359 595 lloresque,
368 548 390 581 ct
399 553 475 582 succos
484 539 582 595 incoquit
590 553 657 582 acres.

88 611 170 668 adjicit
178 621 275 655 extremo
283 611 365 669 lapides
374 612 460 656 Oriente
469 613 560 669 petitos,

87 688 127 738 Et,
136 699 191 741 quas
200 686 278 728 Oceani
288 685 382 729 refluum
393 700 453 729 mare
462 685 524 739 lavit,
534 700 617 729 arenas.

88 759 155 803 Addit
164 768 186 802 et
195 769 292 816 exceptas
301 761 361 803 Luna
370 769 473 817 pernocte
481 761 582 816 pruinas,

89 835 117 878 Et
126 832 197 890 strigis
206 833 310 887 infames,
320 834 371 891 ipsis
380 848 431 877 cum
442 835 554 885 carnibus,
564 834 620 887 alas;

88 910 159 964 Inque
170 908 241 951 virum
250 908 307 951 soliti
316 908 390 951 vultus
399 917 486 951 mutare
495 907 576 951 ferinos

89 981 194 1037 ambigui
203 991 300 1038 prosecta
310 981 355 1038 lupi
365 1000 370 1024 :
381 995 420 1024 nec
430 981 501 1025 defuit
509 982 553 1025 illic

89 1055 200 1110 Squamea
208 1053 307 1111 Cinyphii
318 1054 388 1098 tenuis
399 1056 528 1098 membrana
537 1054 644 1113 chelydri,

89 1125 220 1183 vivacisque
226 1126 289 1184 jecur
299 1128 365 1180 cervi;
376 1128 456 1185 quibus
465 1128 554 1186 insuper
563 1129 624 1173 addit

87 1203 134 1245 ota
143 1212 252 1258 caputque
262 1215 341 1244 novem
350 1202 442 1245 cornicis
451 1202 522 1246 secula
532 1217 605 1259 passae.

89 1277 128 1320 tiis
137 1285 159 1319 et
169 1276 228 1320 mille
237 1276 284 1320 aliis
293 1286 409 1334 postquam
419 1277 466 1319 sine
474 1277 564 1320 nomine
574 1279 638 1321 rebus

89 1349 230 1405 Propositum
240 1349 342 1392 instruxit
351 1351 441 1392 mortarl
450 1349 543 1392 barbara
553 1364 645 1403 munus;

89 1422 166 1467 Arenti
176 1436 238 1465 ramo
243 1421 377 1478 jampridem
388 1422 448 1464 mitis
457 1421 517 1464 olivae

90 1497 173 1540 Omnia
182 1495 294 1547 confudit,
303 1495 440 1552 summisque
448 1494 569 1538 immiscuit
578 1495 631 1538 ima.

90 1573 146 1614 Ecce
155 1578 217 1612 vetus
226 1569 295 1613 calido
305 1579 401 1612 versatus
410 1569 475 1625 stipes
484 1582 540 1612 aeno

89 1645 125 1690 tna
135 1644 208 1688 viridis
217 1645 300 1702 primo,
310 1659 349 1688 nec
358 1645 424 1701 longo
434 1654 531 1701 ternpore
541 1643 640 1688 frondem

90 1718 178 1771 Induit,
188 1728 210 1762 et
218 1718 290 1761 subito
300 1718 392 1775 gravidis
401 1728 505 1761 oneratur
513 1717 581 1761 olivis.

89 1795 258 1849 usquecunque
267 1806 319 1835 cavo
327 1806 416 1849 spumas
426 1791 489 1849 ejecit
498 1805 552 1835 aeno

89 1865 161 1922 Ignis,
171 1875 193 1908 et
201 1865 224 1908 in
235 1875 315 1908 terram
325 1875 390 1922 gutta
400 1865 494 1908 cecidere
504 1865 607 1916 calentes,

91 1941 176 1983 Vernat
184 1938 279 1982 humus:
289 1938 407 1996 floresque,
415 1949 437 1982 et
447 1938 520 1981 mollia
529 1937 610 1995 pabula
619 1948 717 1993 surgunt.

89 2013 157 2071 Quod
165 2014 232 2056 timul
240 2027 265 2056 ac
276 2014 340 2066 vidit,
348 2013 423 2056 stricto
432 2013 507 2055 Medea
515 2010 607 2054 recludit

91 2089 148 2132 Ense
157 2087 213 2130 senis
218 2086 334 2143 jugulum
345 2097 482 2142 veteremque
491 2085 547 2128 exire
556 2098 657 2128 cruorem

92 2164 168 2209 Passa,
178 2161 246 2218 replet
255 2160 336 2204 suecis:
346 2175 401 2217 quos
410 2170 527 2216 postquam
535 2159 642 2202 combibit
650 2162 722 2212 Esou,

92 2236 138 2280 lut
147 2248 184 2280 ore
193 2244 302 2293 acceptet,
312 2244 351 2279 eut
360 2234 458 2286 vulnere3
468 2233 537 2276 barba
546 2246 666 2290 comaque,
