1667 2592
70 231 87 260 r.
98 220 147 273 737.
311 222 411 264 tlara
427 223 459 263 11.
674 223 701 274 ⁶7

71 309 116 349 Pars
125 318 207 351 secreta
216 309 296 352 domus
305 309 370 352 ebore
378 321 399 352 ot
408 310 514 353 testudine
523 309 592 353 cultos

71 383 117 424 rres
126 382 204 425 habuit
215 383 335 426 thalamos:
345 397 439 439 quorum
450 393 484 433 tu,
494 385 610 436 Pandrose‚
618 384 730 433 dextrum,

70 454 171 510 Aglauros
181 455 271 507 levum,
282 455 379 498 medium
389 458 510 511 possederat
519 458 588 499 Herse.

70 530 119 587 Qum
130 530 201 574 tenuit
212 530 301 582 laevum,
311 531 431 574 venientem
441 532 512 587 prima
521 532 603 574 notavit

70 605 202 648 Mercurium
211 621 217 645 r
226 618 350 660 nomenque
360 605 393 647 dei
405 605 500 648 scitarier
508 620 560 648 ausa
569 616 611 656 est,

70 678 94 720 lit
103 691 193 720 causam
203 679 313 721 adventus.
323 679 361 720 Cui
371 678 401 720 sic
411 678 520 734 respondit
528 678 618 721 Atlantis

70 751 208 808 Pleionesque
217 766 296 808 genus:
307 771 318 792 c
326 754 367 808 Ego
377 767 437 803 sum,
447 753 484 808 qui
490 753 551 808 jussa
561 766 599 808 per
607 765 671 794 auras

71 825 142 867 Verba
151 824 218 880 patris
228 836 290 880 porto
299 842 303 866 :
314 835 374 881 pater
383 835 415 868 cst
424 825 478 867 mihi
487 825 569 881 Jupiter
578 824 634 880 ipse:

18 946 19 949 Ἴ
71 897 114 937 Nec
125 895 207 952 fingam
217 910 305 938 causas:
317 905 341 938 tu
351 906 436 939 tantum
446 896 489 938 lida
499 896 567 938 sorori

18 956 19 1005 Ῐ
70 969 118 1010 Esse
127 968 192 1020 velis,
202 968 309 1024 prolisque
319 981 371 1010 mem
381 977 494 1010 matertera
503 968 552 1010 dici.

71 1040 133 1081 llerse
143 1053 208 1081 causa
218 1039 268 1081 vie:
280 1038 361 1089 iaicas,
369 1053 467 1090 oramus,
478 1040 583 1083 amanti»

99 1110 195 1168 Adspicit
203 1111 263 1153 hunc
271 1111 340 1153 oculis
348 1112 427 1161 isdem,
437 1112 515 1167 quibus
525 1112 597 1154 abdita
606 1126 676 1169 nuper

71 1185 159 1228 Viderat
167 1185 270 1241 Aglauros
279 1185 339 1228 flare
348 1195 428 1228 secreta
436 1185 535 1228 Minervae
543 1204 548 1228 :

70 1261 152 1315 Proque
161 1259 282 1302 ministerio
292 1260 364 1315 magni
374 1259 414 1301 sibi
424 1260 524 1315 ponderis
533 1273 615 1303 aurum

19 1336 20 1387 ᾗ
70 1330 172 1374 Postulat.
183 1333 265 1374 interea
278 1330 338 1373 rectis
347 1332 446 1374 excedere
457 1332 519 1387 cogit.

70 1405 140 1448 Vertit
149 1406 178 1447 ad
187 1405 243 1447 hanc
253 1405 306 1447 torvi
316 1406 358 1446 Dea
367 1405 443 1447 bellica
454 1404 543 1447 luminis
553 1406 639 1457 orbem,

71 1482 96 1523 Et
105 1490 167 1523 tanto
177 1479 263 1535 penitus
274 1478 336 1521 traxit
345 1479 437 1534 suspiria
446 1489 518 1530 motu,

71 1554 97 1596 lit
105 1552 188 1609 pariter
196 1562 282 1608 pectus,
291 1551 427 1607 positamque
436 1552 457 1593 in
468 1562 553 1608 pectore
562 1552 612 1596 torri

72 1627 144 1682 lpida
153 1633 285 1667 concuteret.
293 1624 365 1674 Subit,
374 1624 430 1666 hanc
440 1638 517 1667 arcana
526 1626 617 1681 profanu

71 1699 177 1742 Petenisse
186 1712 255 1740 mann
265 1707 325 1749 tum,
334 1711 403 1752 quum
412 1697 459 1739 sine
468 1708 537 1740 matre
546 1710 639 1743 creatam

72 1771 200 1816 Lemnicolae
209 1773 299 1827 stirpem
310 1781 385 1814 contra
394 1772 445 1814 data
454 1770 534 1814 fredera
542 1774 605 1827 sidtu

72 1848 97 1890 Et
105 1857 234 1903 gratamque
243 1846 284 1887 deo
294 1845 404 1900 facejam,
414 1855 540 1901 gratamque
549 1848 628 1899 sorori,

73 1921 99 1963 Et
107 1921 176 1964 ditem
186 1928 271 1970 sumto,
279 1919 338 1975 quod
347 1932 410 1961 avara
420 1919 550 1974 poposcerit,
560 1934 620 1964 auro.

101 2065 158 2107 XIV.
167 2067 277 2107 Pronurus
287 2062 382 2111 Invidia.
391 2063 453 2119 nigro
463 2063 582 2117 squalentia
591 2063 653 2113 tabo,

76 2138 138 2180 Tecta
148 2137 208 2194 petit.
218 2137 300 2178 nomos
309 2145 340 2178 est
348 2134 397 2177 imis
407 2135 430 2176 in
439 2134 530 2176 vallibus
539 2133 595 2174 antri

75 2212 162 2267 Abdita,
171 2210 216 2255 tole
225 2223 312 2261 cerem,
320 2223 366 2253 non
376 2209 416 2252 ulli
425 2208 498 2265 pervia
506 2214 582 2256 rento;
