1667 2592
119 220 159 249 no
268 203 610 248 Maranoaanoseon·
672 217 692 246 v.
708 215 758 256 ¹²7·

114 296 208 338 Puniceo
217 294 280 351 tingit
288 294 404 351 pendentia
413 307 475 336 mora
484 293 562 335 colore.

144 371 206 419 Eece,
217 380 277 411 niem
287 369 385 411 nondum
395 367 477 424 posito,
486 380 514 409 ne
523 366 717 417 inlacrimantem,

114 441 154 486 illa
164 443 230 493 redit,
236 443 383 499 juvenemque
393 440 461 483 oculis
470 439 588 494 animoque
597 438 701 495 requirit:

114 515 244 571 Quantaque
253 513 326 556 vitarit
334 525 422 555 narrare
431 511 525 568 pericula
534 511 604 567 gestit.

115 588 186 643 thue
195 586 280 636 locum,
289 596 311 629 et
320 600 403 628 versam
413 585 513 641 cognovit
522 585 545 628 in
554 586 632 627 arbore
642 584 739 628 formam

115 661 162 717 (Sic
173 660 225 703 facit
233 661 338 703 incertam
347 659 407 715 pomi
416 658 501 715 color),
511 659 588 709 heret,
598 672 627 701 an
635 658 681 701 haee
690 657 726 702 sit.

114 737 172 777 Dum
181 735 278 785 dubitat,
289 735 431 777 tremebunda
440 733 498 776 videt
506 732 592 789 pulsare
601 742 719 776 cruentum

116 809 215 851 Membra
224 808 307 859 solum,
318 818 417 863 retroque
427 808 504 864 pedem
514 807 574 859 tulit;
584 820 665 862 oraque
674 806 734 850 huxo

116 881 229 924 Pallidiora
239 895 324 937 gerens,
334 879 456 931 exhorruit,
465 878 557 935 aequoris
564 879 643 931 instar,

115 956 178 1012 Quod
189 955 273 1005 tremit,
282 955 359 1010 exigua
368 969 437 1010 quum
447 968 561 997 summum
571 954 686 1010 stringitur
694 968 755 998 aura.

115 1030 156 1072 Sed
165 1039 281 1085 postquam
292 1039 400 1072 remorata
410 1043 461 1071 suos
471 1029 571 1085 cognovit
579 1043 675 1081 amores;

115 1102 210 1145 Perculit
218 1102 318 1159 indignos
326 1101 384 1144 claro
394 1101 496 1158 plangore
505 1102 596 1145 lacertos
605 1119 610 1144 ι

114 1178 141 1219 Et
149 1174 229 1218 laniata
238 1189 323 1225 comas,
332 1175 474 1231 amplexaque
483 1188 561 1231 corpus
570 1184 682 1226 amatum,

115 1247 211 1292 Vulnera
220 1247 327 1304 supplevit
336 1247 449 1305 lacrymis,
460 1246 579 1303 fletumque
588 1247 661 1290 cruori

115 1321 212 1371 hliscuit;
222 1331 243 1364 et
252 1320 326 1377 gelidis
335 1321 357 1364 ln
367 1320 463 1364 vultibus
472 1320 546 1364 oscula
555 1319 636 1377 figens:

88 1392 90 1394 ’
115 1397 234 1452 «Pyramo,
245 1394 356 1445 clamavit,
365 1395 413 1450 quis
424 1404 445 1436 te
455 1394 508 1436 mihi
517 1407 579 1436 casus
589 1392 683 1437 ademit!

113 1471 214 1526 Pyramo,
224 1471 335 1525 responde.
345 1472 391 1512 Tua
402 1480 433 1521 te,
443 1469 564 1518 carissime,
573 1468 663 1520 Thisbe,

113 1543 231 1585 Nominat:
241 1543 330 1593 exaudi,
340 1542 455 1598 vultusque
463 1541 542 1585 adtolle
548 1541 651 1598 jacentes.
658 1559 670 1581 n

115 1618 147 1661 Ad
157 1631 238 1659 nomen
246 1618 334 1660 Thisbes
344 1618 430 1667 oeulos,
436 1617 486 1674 jam
496 1627 565 1660 morte
574 1627 684 1672 gravatos,

116 1693 221 1748 Pyramus
230 1691 307 1741 erexit,
317 1691 403 1746 visaque
413 1690 533 1734 recondidit
542 1690 585 1733 illo.

115 1766 168 1822 Qum
178 1775 293 1821 postquam
303 1776 427 1823 restemque
436 1779 499 1809 suam
509 1766 620 1821 cognovit,
630 1775 652 1809 et
660 1780 712 1809 ense

116 1839 177 1882 Vidit
186 1840 240 1881 ebur
247 1853 352 1891 vacuum
363 1842 428 1882 «Tua
439 1850 459 1883 te
468 1854 557 1893 manus,
568 1839 650 1896 inquit,
659 1854 767 1898 amorque

115 1913 220 1963 Perdidit,
229 1912 310 1957 infelix>
319 1916 355 1957 Est
364 1924 385 1957 et
395 1914 448 1956 mihi
459 1914 521 1957 fortis
530 1915 553 1956 iu
560 1928 630 1957 unum

116 1991 160 2032 lloc
170 2003 260 2032 manus:
271 2001 303 2034 est
312 2000 333 2033 et
342 2004 415 2040 amon
425 1990 486 2033 dabit
494 1989 530 2033 hic
539 1989 562 2032 in
572 1988 661 2032 vulnera
670 1989 733 2034 vires.

116 2058 235 2120 Prosequor
243 2065 384 2113 exstincmm;
394 2064 474 2120 letique
483 2064 604 2107 miserrima
613 2064 673 2106 dicar

114 2138 184 2180 Causa
193 2151 308 2194 comesque
317 2138 361 2189 tui;
370 2138 451 2193 quique
460 2151 472 2180 a
482 2151 517 2180 me
526 2146 597 2179 morte
606 2135 679 2179 revelli

116 2209 173 2252 fleu!
182 2209 229 2252 sola
237 2220 334 2267 poteras,
343 2211 424 2268 poteris
434 2224 474 2254 nec
482 2220 554 2254 morte
562 2208 641 2253 revelli.
