<?xml version="1.0" encoding="UTF-8"?>
<!DOCTYPE html PUBLIC "-//W3C//DTD XHTML 1.0 Transitional//EN"
    "http://www.w3.org/TR/xhtml1/DTD/xhtml1-transitional.dtd">
<html xmlns="http://www.w3.org/1999/xhtml" xml:lang="en" lang="en">
 <head>
  <title>
</title>
<meta http-equiv="Content-Type" content="text/html;charset=utf-8" />
  <meta name='ocr-system' content='tesseract 3.04.00' />
  <meta name='ocr-capabilities' content='ocr_page ocr_carea ocr_par ocr_line ocrx_word'/>
</head>
<body>
  <div class='ocr_page' id='page_1' title='image "./opera00accugoog/opera00accugoog_0236.png"; bbox 0 0 1667 2592; ppageno 0'>
   <div class='ocr_carea' id='block_1_1' title="bbox 119 200 762 247">
    <p class='ocr_par' dir='ltr' id='par_1_1' title="bbox 119 200 762 247">
     <span class='ocr_line' id='line_1_1' title="bbox 119 200 762 247; baseline -0.003 -1"><span class='ocrx_word' id='word_1_1' title='bbox 119 218 160 247; x_wconf 81' lang='lat'>222</span> <span class='ocrx_word' id='word_1_2' title='bbox 273 200 604 246; x_wconf 70' lang='lat' dir='ltr'>METAMoaraosaou</span> <span class='ocrx_word' id='word_1_3' title='bbox 677 204 762 246; x_wconf 68' lang='lat' dir='ltr'>nutu</span> 
     </span>
    </p>
   </div>
   <div class='ocr_carea' id='block_1_2' title="bbox 119 293 755 498">
    <p class='ocr_par' dir='ltr' id='par_1_2' title="bbox 119 293 755 498">
     <span class='ocr_line' id='line_1_2' title="bbox 119 293 755 351; baseline 0 -13"><span class='ocrx_word' id='word_1_4' title='bbox 119 297 184 338; x_wconf 82' lang='lat' dir='ltr'>Nunc</span> <span class='ocrx_word' id='word_1_5' title='bbox 193 304 279 351; x_wconf 86' lang='lat' dir='ltr'>quoque</span> <span class='ocrx_word' id='word_1_6' title='bbox 289 294 380 346; x_wconf 60' lang='lat' dir='ltr'>habeam</span> <span class='ocrx_word' id='word_1_7' title='bbox 390 306 525 350; x_wconf 85' lang='lat' dir='ltr'>parcumque</span> <span class='ocrx_word' id='word_1_8' title='bbox 535 306 613 349; x_wconf 74' lang='lat' dir='ltr'>genus,</span> <span class='ocrx_word' id='word_1_9' title='bbox 622 293 755 349; x_wconf 76' lang='lat' dir='ltr'>patiensque</span> 
     </span>
     <span class='ocr_line' id='line_1_3' title="bbox 191 366 633 421; baseline -0.002 -12"><span class='ocrx_word' id='word_1_10' title='bbox 191 366 305 417; x_wconf 77' lang='lat' dir='ltr'>laborum,</span> <span class='ocrx_word' id='word_1_11' title='bbox 629 415 633 421; x_wconf 41' lang='grc'>,</span> 
     </span>
     <span class='ocr_line' id='line_1_4' title="bbox 120 439 634 498; baseline -0.002 -15"><span class='ocrx_word' id='word_1_12' title='bbox 120 439 250 498; x_wconf 78' lang='lat' dir='ltr'>Quaesitique</span> <span class='ocrx_word' id='word_1_13' title='bbox 260 451 333 491; x_wconf 83' lang='lat' dir='ltr'>tenax,</span> <span class='ocrx_word' id='word_1_14' title='bbox 343 439 411 495; x_wconf 87' lang='lat' dir='ltr'>etqui</span> <span class='ocrx_word' id='word_1_15' title='bbox 420 439 510 495; x_wconf 60' lang='lat' dir='ltr'>quasise</span> <span class='ocrx_word' id='word_1_16' title='bbox 519 449 634 483; x_wconf 79' lang='lat' dir='ltr'>reservent.</span> 
     </span>
    </p>
   </div>
   <div class='ocr_carea' id='block_1_3' title="bbox 120 515 738 720">
    <p class='ocr_par' dir='ltr' id='par_1_3' title="bbox 120 515 738 720">
     <span class='ocr_line' id='line_1_5' title="bbox 120 515 718 572; baseline 0.003 -14"><span class='ocrx_word' id='word_1_17' title='bbox 120 516 146 558; x_wconf 82' lang='lat' dir='ltr'>lli</span> <span class='ocrx_word' id='word_1_18' title='bbox 157 526 177 559; x_wconf 87' lang='lat' dir='ltr'>te</span> <span class='ocrx_word' id='word_1_19' title='bbox 186 516 214 558; x_wconf 89' lang='lat' dir='ltr'>ad</span> <span class='ocrx_word' id='word_1_20' title='bbox 223 515 290 566; x_wconf 84' lang='lat' dir='ltr'>bella,</span> <span class='ocrx_word' id='word_1_21' title='bbox 300 529 361 572; x_wconf 88' lang='lat' dir='ltr'>pares</span> <span class='ocrx_word' id='word_1_22' title='bbox 371 515 433 557; x_wconf 84' lang='lat' dir='ltr'>annis</span> <span class='ocrx_word' id='word_1_23' title='bbox 443 515 576 571; x_wconf 81' lang='lat' dir='ltr'>animisque,</span> <span class='ocrx_word' id='word_1_24' title='bbox 585 525 718 571; x_wconf 86' lang='lat' dir='ltr'>sequentnr;</span> 
     </span>
     <span class='ocr_line' id='line_1_6' title="bbox 121 587 663 646; baseline 0 -15"><span class='ocrx_word' id='word_1_25' title='bbox 121 590 195 646; x_wconf 75' lang='lat' dir='ltr'>Quum</span> <span class='ocrx_word' id='word_1_26' title='bbox 205 588 314 645; x_wconf 82' lang='lat' dir='ltr'>primum,</span> <span class='ocrx_word' id='word_1_27' title='bbox 323 589 361 644; x_wconf 89' lang='lat' dir='ltr'>qui</span> <span class='ocrx_word' id='word_1_28' title='bbox 372 598 392 630; x_wconf 87' lang='lat' dir='ltr'>te</span> <span class='ocrx_word' id='word_1_29' title='bbox 401 587 492 630; x_wconf 78' lang='lat' dir='ltr'>feliciter</span> <span class='ocrx_word' id='word_1_30' title='bbox 500 587 584 639; x_wconf 87' lang='lat' dir='ltr'>attulit,</span> <span class='ocrx_word' id='word_1_31' title='bbox 593 589 663 631; x_wconf 81' lang='lat' dir='ltr'>Eurus</span> 
     </span>
     <span class='ocr_line' id='line_1_7' title="bbox 121 659 738 720; baseline -0.002 -15"><span class='ocrx_word' id='word_1_32' title='bbox 121 662 204 720; x_wconf 82' lang='lat' dir='ltr'>(Eurus</span> <span class='ocrx_word' id='word_1_33' title='bbox 213 662 272 705; x_wconf 86' lang='lat' dir='ltr'>enim</span> <span class='ocrx_word' id='word_1_34' title='bbox 282 660 396 718; x_wconf 86' lang='lat' dir='ltr'>attulerat)</span> <span class='ocrx_word' id='word_1_35' title='bbox 406 659 473 705; x_wconf 84' lang='lat' dir='ltr'>luerit</span> <span class='ocrx_word' id='word_1_36' title='bbox 481 672 578 705; x_wconf 85' lang='lat' dir='ltr'>mutatus</span> <span class='ocrx_word' id='word_1_37' title='bbox 588 662 611 704; x_wconf 89' lang='lat' dir='ltr'>in</span> <span class='ocrx_word' id='word_1_38' title='bbox 620 664 718 707; x_wconf 79' lang='lat' dir='ltr'><strong>Austros.</strong></span> <span class='ocrx_word' id='word_1_39' title='bbox 726 681 738 704; x_wconf 75' lang='lat' dir='ltr'>u</span> 
     </span>
    </p>
   </div>
   <div class='ocr_carea' id='block_1_4' title="bbox 123 809 741 2261">
    <p class='ocr_par' dir='ltr' id='par_1_4' title="bbox 123 809 741 2261">
     <span class='ocr_line' id='line_1_8' title="bbox 151 809 724 866; baseline 0 -12"><span class='ocrx_word' id='word_1_40' title='bbox 151 812 197 854; x_wconf 83' lang='grc' dir='ltr'>ΧΠ.</span> <span class='ocrx_word' id='word_1_41' title='bbox 208 812 302 855; x_wconf 74' lang='lat' dir='ltr'>Taunus</span> <span class='ocrx_word' id='word_1_42' title='bbox 313 821 377 866; x_wconf 87' lang='lat' dir='ltr'>atque</span> <span class='ocrx_word' id='word_1_43' title='bbox 386 810 433 853; x_wconf 86' lang='lat' dir='ltr'>aliis</span> <span class='ocrx_word' id='word_1_44' title='bbox 443 810 532 866; x_wconf 70' lang='lat' dir='ltr'>longum</span> <span class='ocrx_word' id='word_1_45' title='bbox 542 809 681 853; x_wconf 82' lang='lat' dir='ltr'>sermonibus</span> <span class='ocrx_word' id='word_1_46' title='bbox 691 810 724 854; x_wconf 90' lang='lat' dir='ltr'>illi</span> 
     </span>
     <span class='ocr_line' id='line_1_9' title="bbox 123 883 620 941; baseline -0.004 -14"><span class='ocrx_word' id='word_1_47' title='bbox 123 884 240 941; x_wconf 87' lang='lat' dir='ltr'>Implevere</span> <span class='ocrx_word' id='word_1_48' title='bbox 249 885 307 927; x_wconf 83' lang='lat' dir='ltr'>diem</span> <span class='ocrx_word' id='word_1_49' title='bbox 317 884 385 926; x_wconf 87' lang='lat' dir='ltr'>:lucis</span> <span class='ocrx_word' id='word_1_50' title='bbox 395 897 444 940; x_wconf 92' lang='lat' dir='ltr'>pars</span> <span class='ocrx_word' id='word_1_51' title='bbox 454 883 532 926; x_wconf 91' lang='lat' dir='ltr'>ultima</span> <span class='ocrx_word' id='word_1_52' title='bbox 541 897 620 926; x_wconf 78' lang='lat' dir='ltr'>mensae</span> 
     </span>
     <span class='ocr_line' id='line_1_10' title="bbox 124 957 722 1006; baseline -0.003 -4"><span class='ocrx_word' id='word_1_53' title='bbox 124 961 161 1003; x_wconf 84' lang='lat' dir='ltr'>Est</span> <span class='ocrx_word' id='word_1_54' title='bbox 169 960 230 1006; x_wconf 80' lang='lat' dir='ltr'>data.</span> <span class='ocrx_word' id='word_1_55' title='bbox 240 973 283 1002; x_wconf 84' lang='lat' dir='ltr'>nox</span> <span class='ocrx_word' id='word_1_56' title='bbox 292 959 379 1001; x_wconf 81' lang='lat' dir='ltr'>somnis.</span> <span class='ocrx_word' id='word_1_57' title='bbox 389 959 458 1001; x_wconf 78' lang='lat' dir='ltr'>Jubar</span> <span class='ocrx_word' id='word_1_58' title='bbox 467 972 545 1001; x_wconf 79' lang='lat' dir='ltr'>aureus</span> <span class='ocrx_word' id='word_1_59' title='bbox 555 957 661 1002; x_wconf 79' lang='lat' dir='ltr'>extulerat</span> <span class='ocrx_word' id='word_1_60' title='bbox 670 958 707 1002; x_wconf 88' lang='lat' dir='ltr'>Sol</span> <span class='ocrx_word' id='word_1_61' title='bbox 716 974 722 1000; x_wconf 89' lang='lat'><strong>:</strong></span> 
     </span>
     <span class='ocr_line' id='line_1_11' title="bbox 124 1031 675 1088; baseline 0.002 -14"><span class='ocrx_word' id='word_1_62' title='bbox 124 1033 200 1075; x_wconf 84' lang='lat' dir='ltr'>Flabat</span> <span class='ocrx_word' id='word_1_63' title='bbox 208 1032 280 1074; x_wconf 90' lang='lat' dir='ltr'>adhuc</span> <span class='ocrx_word' id='word_1_64' title='bbox 289 1034 368 1082; x_wconf 78' lang='lat' dir='ltr'>Eurus,</span> <span class='ocrx_word' id='word_1_65' title='bbox 379 1032 518 1088; x_wconf 86' lang='lat' dir='ltr'>redituraque</span> <span class='ocrx_word' id='word_1_66' title='bbox 527 1031 572 1074; x_wconf 85' lang='lat' dir='ltr'>vela</span> <span class='ocrx_word' id='word_1_67' title='bbox 582 1033 675 1076; x_wconf 75' lang='lat' dir='ltr'>tenelsat.</span> 
     </span>
     <span class='ocr_line' id='line_1_12' title="bbox 123 1104 677 1162; baseline 0 -13"><span class='ocrx_word' id='word_1_68' title='bbox 123 1106 155 1149; x_wconf 79' lang='lat' dir='ltr'>ad</span> <span class='ocrx_word' id='word_1_69' title='bbox 165 1104 284 1161; x_wconf 78' lang='lat' dir='ltr'>Cephalum</span> <span class='ocrx_word' id='word_1_70' title='bbox 294 1104 387 1148; x_wconf 73' lang='lat' dir='ltr'>Pallante</span> <span class='ocrx_word' id='word_1_71' title='bbox 396 1105 448 1154; x_wconf 77' lang='lat' dir='ltr'>sati,</span> <span class='ocrx_word' id='word_1_72' title='bbox 458 1106 493 1148; x_wconf 92' lang='lat' dir='ltr'>cui</span> <span class='ocrx_word' id='word_1_73' title='bbox 503 1105 605 1162; x_wconf 71' lang='lat' dir='ltr'>grandior</span> <span class='ocrx_word' id='word_1_74' title='bbox 613 1113 677 1158; x_wconf 73' lang='lat' dir='ltr'>alas,</span> 
     </span>
     <span class='ocr_line' id='line_1_13' title="bbox 125 1178 648 1235; baseline -0.002 -12"><span class='ocrx_word' id='word_1_75' title='bbox 125 1180 158 1223; x_wconf 76' lang='lat' dir='ltr'>ld</span> <span class='ocrx_word' id='word_1_76' title='bbox 167 1192 239 1233; x_wconf 76' lang='lat' dir='ltr'>regem</span> <span class='ocrx_word' id='word_1_77' title='bbox 247 1178 364 1235; x_wconf 73' lang='lat' dir='ltr'>Cephalus,</span> <span class='ocrx_word' id='word_1_78' title='bbox 373 1178 439 1221; x_wconf 89' lang='lat' dir='ltr'>simul</span> <span class='ocrx_word' id='word_1_79' title='bbox 449 1188 470 1222; x_wconf 86' lang='lat' dir='ltr'>et</span> <span class='ocrx_word' id='word_1_80' title='bbox 479 1179 573 1222; x_wconf 84' lang='lat' dir='ltr'>Pallante</span> <span class='ocrx_word' id='word_1_81' title='bbox 582 1179 648 1222; x_wconf 88' lang='lat' dir='ltr'>creati</span> 
     </span>
     <span class='ocr_line' id='line_1_14' title="bbox 128 1250 741 1308; baseline 0.007 -13"><span class='ocrx_word' id='word_1_82' title='bbox 128 1250 265 1295; x_wconf 83' lang='lat' dir='ltr'>Conveniunt</span> <span class='ocrx_word' id='word_1_83' title='bbox 273 1266 278 1291; x_wconf 72' lang='lat' dir='ltr'>s</span> <span class='ocrx_word' id='word_1_84' title='bbox 287 1252 323 1294; x_wconf 88' lang='lat' dir='ltr'>sed</span> <span class='ocrx_word' id='word_1_85' title='bbox 333 1252 403 1293; x_wconf 89' lang='lat' dir='ltr'>adhuc</span> <span class='ocrx_word' id='word_1_86' title='bbox 413 1264 485 1307; x_wconf 69' lang='lat' dir='ltr'>regern</span> <span class='ocrx_word' id='word_1_87' title='bbox 496 1265 560 1308; x_wconf 86' lang='lat' dir='ltr'>sopor</span> <span class='ocrx_word' id='word_1_88' title='bbox 569 1252 625 1295; x_wconf 84' lang='lat' dir='ltr'>altus</span> <span class='ocrx_word' id='word_1_89' title='bbox 634 1252 741 1299; x_wconf 84' lang='lat' dir='ltr'>habehat.</span> 
     </span>
     <span class='ocr_line' id='line_1_15' title="bbox 129 1323 591 1382; baseline -0.009 -12"><span class='ocrx_word' id='word_1_90' title='bbox 129 1326 212 1382; x_wconf 80' lang='lat' dir='ltr'>Excipit</span> <span class='ocrx_word' id='word_1_91' title='bbox 221 1326 313 1369; x_wconf 75' lang='lat' dir='ltr'>AEacides</span> <span class='ocrx_word' id='word_1_92' title='bbox 323 1324 370 1367; x_wconf 89' lang='lat' dir='ltr'>illos</span> <span class='ocrx_word' id='word_1_93' title='bbox 379 1325 402 1367; x_wconf 86' lang='lat' dir='ltr'>in</span> <span class='ocrx_word' id='word_1_94' title='bbox 411 1323 486 1368; x_wconf 84' lang='lat' dir='ltr'>limine</span> <span class='ocrx_word' id='word_1_95' title='bbox 495 1326 591 1368; x_wconf 77' lang='lat' dir='ltr'>Plancus:</span> 
     </span>
     <span class='ocr_line' id='line_1_16' title="bbox 128 1397 701 1455; baseline 0.002 -13"><span class='ocrx_word' id='word_1_96' title='bbox 128 1401 186 1442; x_wconf 83' lang='lat' dir='ltr'>Nam</span> <span class='ocrx_word' id='word_1_97' title='bbox 196 1399 298 1441; x_wconf 86' lang='lat' dir='ltr'>Telamon</span> <span class='ocrx_word' id='word_1_98' title='bbox 308 1397 416 1454; x_wconf 78' lang='lat' dir='ltr'>fraterque</span> <span class='ocrx_word' id='word_1_99' title='bbox 425 1399 482 1440; x_wconf 79' lang='lat' dir='ltr'>viros</span> <span class='ocrx_word' id='word_1_100' title='bbox 490 1399 519 1441; x_wconf 90' lang='lat' dir='ltr'>ad</span> <span class='ocrx_word' id='word_1_101' title='bbox 528 1398 583 1441; x_wconf 84' lang='lat' dir='ltr'>bella</span> <span class='ocrx_word' id='word_1_102' title='bbox 592 1397 701 1455; x_wconf 72' lang='lat' dir='ltr'>legebant.</span> 
     </span>
     <span class='ocr_line' id='line_1_17' title="bbox 129 1471 724 1529; baseline 0.007 -14"><span class='ocrx_word' id='word_1_103' title='bbox 129 1473 214 1516; x_wconf 85' lang='lat' dir='ltr'>Phocus</span> <span class='ocrx_word' id='word_1_104' title='bbox 223 1473 246 1525; x_wconf 86' lang='lat' dir='ltr'>in</span> <span class='ocrx_word' id='word_1_105' title='bbox 255 1473 345 1516; x_wconf 84' lang='lat' dir='ltr'>interius</span> <span class='ocrx_word' id='word_1_106' title='bbox 354 1473 460 1529; x_wconf 84' lang='lat' dir='ltr'>spatium.</span> <span class='ocrx_word' id='word_1_107' title='bbox 471 1471 616 1528; x_wconf 81' lang='lat' dir='ltr'>pulchrosque</span> <span class='ocrx_word' id='word_1_108' title='bbox 624 1486 724 1519; x_wconf 84' lang='lat' dir='ltr'>recessus</span> 
     </span>
     <span class='ocr_line' id='line_1_18' title="bbox 128 1544 685 1602; baseline 0 -13"><span class='ocrx_word' id='word_1_109' title='bbox 128 1546 258 1602; x_wconf 79' lang='lat' dir='ltr'>Cecropidas</span> <span class='ocrx_word' id='word_1_110' title='bbox 267 1546 332 1589; x_wconf 88' lang='lat' dir='ltr'>ducit.</span> <span class='ocrx_word' id='word_1_111' title='bbox 342 1548 398 1588; x_wconf 84' lang='lat' dir='ltr'>Cum</span> <span class='ocrx_word' id='word_1_112' title='bbox 408 1547 457 1600; x_wconf 76' lang='lat' dir='ltr'>quis</span> <span class='ocrx_word' id='word_1_113' title='bbox 466 1544 531 1587; x_wconf 89' lang='lat' dir='ltr'>simul</span> <span class='ocrx_word' id='word_1_114' title='bbox 541 1545 586 1600; x_wconf 86' lang='lat' dir='ltr'>ipse</span> <span class='ocrx_word' id='word_1_115' title='bbox 596 1546 685 1599; x_wconf 73' lang='lat' dir='ltr'>retudit,</span> 
     </span>
     <span class='ocr_line' id='line_1_19' title="bbox 130 1618 623 1675; baseline -0.004 -11"><span class='ocrx_word' id='word_1_116' title='bbox 130 1619 226 1675; x_wconf 73' lang='lat' dir='ltr'>Adspicit</span> <span class='ocrx_word' id='word_1_117' title='bbox 235 1619 328 1661; x_wconf 80' lang='lat' dir='ltr'>AEoliden</span> <span class='ocrx_word' id='word_1_118' title='bbox 337 1619 410 1675; x_wconf 73' lang='lat' dir='ltr'>ignota</span> <span class='ocrx_word' id='word_1_119' title='bbox 420 1633 445 1661; x_wconf 85' lang='lat' dir='ltr'>ex</span> <span class='ocrx_word' id='word_1_120' title='bbox 454 1620 531 1662; x_wconf 90' lang='lat' dir='ltr'>arbore</span> <span class='ocrx_word' id='word_1_121' title='bbox 540 1618 623 1662; x_wconf 81' lang='lat' dir='ltr'>iactum</span> 
     </span>
     <span class='ocr_line' id='line_1_20' title="bbox 132 1690 678 1748; baseline 0 -13"><span class='ocrx_word' id='word_1_122' title='bbox 132 1694 194 1735; x_wconf 84' lang='lat' dir='ltr'>Ferre</span> <span class='ocrx_word' id='word_1_123' title='bbox 204 1705 272 1734; x_wconf 89' lang='lat' dir='ltr'>manu</span> <span class='ocrx_word' id='word_1_124' title='bbox 277 1690 390 1747; x_wconf 76' lang='lat' dir='ltr'>jaculum,</span> <span class='ocrx_word' id='word_1_125' title='bbox 399 1691 462 1748; x_wconf 85' lang='lat' dir='ltr'>cujus</span> <span class='ocrx_word' id='word_1_126' title='bbox 472 1691 515 1734; x_wconf 84' lang='lat' dir='ltr'>fuit</span> <span class='ocrx_word' id='word_1_127' title='bbox 524 1706 589 1734; x_wconf 82' lang='lat' dir='ltr'>aurea</span> <span class='ocrx_word' id='word_1_128' title='bbox 599 1692 678 1748; x_wconf 86' lang='lat' dir='ltr'>cuspis.</span> 
     </span>
     <span class='ocr_line' id='line_1_21' title="bbox 133 1765 653 1821; baseline 0 -12"><span class='ocrx_word' id='word_1_129' title='bbox 133 1769 203 1809; x_wconf 86' lang='lat' dir='ltr'>Pauca</span> <span class='ocrx_word' id='word_1_130' title='bbox 212 1765 272 1821; x_wconf 85' lang='lat' dir='ltr'>prius</span> <span class='ocrx_word' id='word_1_131' title='bbox 282 1765 357 1807; x_wconf 84' lang='lat' dir='ltr'>mediis</span> <span class='ocrx_word' id='word_1_132' title='bbox 366 1765 503 1807; x_wconf 87' lang='lat' dir='ltr'>sermonibus</span> <span class='ocrx_word' id='word_1_133' title='bbox 511 1766 547 1807; x_wconf 86' lang='lat' dir='ltr'>illc</span> <span class='ocrx_word' id='word_1_134' title='bbox 556 1765 653 1818; x_wconf 84' lang='lat' dir='ltr'>loculus,</span> 
     </span>
     <span class='ocr_line' id='line_1_22' title="bbox 134 1838 727 1894; baseline 0.007 -12"><span class='ocrx_word' id='word_1_135' title='bbox 134 1857 147 1882; x_wconf 78' lang='lat' dir='ltr'>a</span> <span class='ocrx_word' id='word_1_136' title='bbox 154 1841 207 1883; x_wconf 88' lang='lat' dir='ltr'>Sum</span> <span class='ocrx_word' id='word_1_137' title='bbox 217 1852 333 1881; x_wconf 87' lang='lat' dir='ltr'>nemorum</span> <span class='ocrx_word' id='word_1_138' title='bbox 342 1838 462 1887; x_wconf 81' lang='lat' dir='ltr'>studiosus,</span> <span class='ocrx_word' id='word_1_139' title='bbox 470 1839 511 1886; x_wconf 75' lang='lat' dir='ltr'>ait.</span> <span class='ocrx_word' id='word_1_140' title='bbox 520 1839 626 1894; x_wconf 69' lang='lat' dir='ltr'>cadisque</span> <span class='ocrx_word' id='word_1_141' title='bbox 635 1838 727 1886; x_wconf 66' lang='lat' dir='ltr'>atine:</span> 
     </span>
     <span class='ocr_line' id='line_1_23' title="bbox 133 1910 626 1971; baseline -0.002 -17"><span class='ocrx_word' id='word_1_142' title='bbox 133 1914 183 1971; x_wconf 74' lang='lat' dir='ltr'>Qua</span> <span class='ocrx_word' id='word_1_143' title='bbox 192 1922 264 1954; x_wconf 85' lang='lat' dir='ltr'>tamen</span> <span class='ocrx_word' id='word_1_144' title='bbox 274 1924 285 1952; x_wconf 91' lang='lat' dir='ltr'>e</span> <span class='ocrx_word' id='word_1_145' title='bbox 294 1911 346 1952; x_wconf 84' lang='lat' dir='ltr'>silva</span> <span class='ocrx_word' id='word_1_146' title='bbox 356 1920 428 1954; x_wconf 82' lang='lat' dir='ltr'>teneas</span> <span class='ocrx_word' id='word_1_147' title='bbox 437 1910 513 1953; x_wconf 85' lang='lat' dir='ltr'>hastile</span> <span class='ocrx_word' id='word_1_148' title='bbox 522 1910 626 1965; x_wconf 81' lang='lat' dir='ltr'>recisum,</span> 
     </span>
     <span class='ocr_line' id='line_1_24' title="bbox 134 1976 655 2037; baseline 0 -8"><span class='ocrx_word' id='word_1_149' title='bbox 134 1987 270 2029; x_wconf 76' lang='lat' dir='ltr'>iamdudum</span> <span class='ocrx_word' id='word_1_150' title='bbox 280 1985 369 2028; x_wconf 85' lang='lat' dir='ltr'>dubito:</span> <span class='ocrx_word' id='word_1_151' title='bbox 380 1995 447 2034; x_wconf 76' lang='lat' dir='ltr'>certe,</span> <span class='ocrx_word' id='word_1_152' title='bbox 457 1985 475 2027; x_wconf 93' lang='lat' dir='ltr'>si</span> <span class='ocrx_word' id='word_1_153' title='bbox 485 1976 655 2037; x_wconf 51' lang='lat' dir='ltr'>fraxinus&#39;essen</span> 
     </span>
     <span class='ocr_line' id='line_1_25' title="bbox 135 2058 660 2110; baseline 0 -8"><span class='ocrx_word' id='word_1_154' title='bbox 135 2059 201 2102; x_wconf 84' lang='lat' dir='ltr'>Fulva</span> <span class='ocrx_word' id='word_1_155' title='bbox 211 2059 282 2101; x_wconf 87' lang='lat' dir='ltr'>colore</span> <span class='ocrx_word' id='word_1_156' title='bbox 292 2058 357 2102; x_wconf 82' lang='lat' dir='ltr'>foret.</span> <span class='ocrx_word' id='word_1_157' title='bbox 367 2058 385 2100; x_wconf 87' lang='lat' dir='ltr'>si</span> <span class='ocrx_word' id='word_1_158' title='bbox 395 2071 485 2110; x_wconf 81' lang='lat' dir='ltr'>coruus,</span> <span class='ocrx_word' id='word_1_159' title='bbox 495 2060 566 2101; x_wconf 84' lang='lat' dir='ltr'>nodus</span> <span class='ocrx_word' id='word_1_160' title='bbox 575 2059 660 2102; x_wconf 81' lang='lat' dir='ltr'>inesset.</span> 
     </span>
     <span class='ocr_line' id='line_1_26' title="bbox 136 2128 610 2187; baseline 0 -13"><span class='ocrx_word' id='word_1_161' title='bbox 136 2133 198 2174; x_wconf 88' lang='lat' dir='ltr'>Unde</span> <span class='ocrx_word' id='word_1_162' title='bbox 207 2133 234 2175; x_wconf 88' lang='lat' dir='ltr'>sit</span> <span class='ocrx_word' id='word_1_163' title='bbox 242 2133 330 2187; x_wconf 76' lang='lat' dir='ltr'>ignoro:</span> <span class='ocrx_word' id='word_1_164' title='bbox 342 2133 378 2174; x_wconf 85' lang='lat' dir='ltr'>sed</span> <span class='ocrx_word' id='word_1_165' title='bbox 387 2144 432 2173; x_wconf 89' lang='lat' dir='ltr'>non</span> <span class='ocrx_word' id='word_1_166' title='bbox 443 2128 560 2174; x_wconf 77' lang='lat' dir='ltr'>formosius</span> <span class='ocrx_word' id='word_1_167' title='bbox 568 2133 610 2174; x_wconf 84' lang='lat' dir='ltr'>isto</span> 
     </span>
     <span class='ocr_line' id='line_1_27' title="bbox 136 2204 614 2261; baseline -0.008 -13"><span class='ocrx_word' id='word_1_168' title='bbox 136 2204 244 2249; x_wconf 83' lang='lat' dir='ltr'>Viderunt</span> <span class='ocrx_word' id='word_1_169' title='bbox 253 2205 311 2249; x_wconf 88' lang='lat' dir='ltr'>oculi</span> <span class='ocrx_word' id='word_1_170' title='bbox 321 2205 388 2249; x_wconf 85' lang='lat' dir='ltr'>telum</span> <span class='ocrx_word' id='word_1_171' title='bbox 394 2204 512 2261; x_wconf 81' lang='lat' dir='ltr'>jaculabile</span> <span class='ocrx_word' id='word_1_172' title='bbox 520 2207 614 2249; x_wconf 75' lang='lat' dir='ltr'>nostri.»</span> 
     </span>
    </p>
   </div>
   <div class='ocr_carea' id='block_1_5' title="bbox 0 0 860 2592">
    <p class='ocr_par' dir='ltr' id='par_1_5' title="bbox 0 0 860 2592">
     <span class='ocr_line' id='line_1_28' title="bbox 0 0 860 2592; baseline 0 0"><span class='ocrx_word' id='word_1_173' title='bbox 0 0 860 2592; x_wconf 95' lang='lat' dir='ltr'> </span> 
     </span>
    </p>
   </div>
  </div>
 </body>
</html>
