1667 2592
119 174 643 265 METAMORPHOSEON

216 380 360 442 LIBER
381 382 546 444 NONUS.

91 710 107 750 1.
117 709 168 766 Qun
177 708 281 765 gemitus,
292 717 415 766 truncaque
425 711 469 752 Deo
478 711 600 766 Neptunius
608 712 672 757 heros

61 786 131 827 eausa
141 792 202 839 rogat
212 782 303 827 frontis:
313 797 383 839 quum
392 785 423 828 sic
431 785 562 843 Calydonius
571 789 642 830 amnis

60 857 139 915 Coepit,
149 858 260 900 inornatos
270 858 383 902 redimitus
391 859 499 902 arundine
508 859 590 903 crines:

63 931 152 975 «Triste
161 932 215 988 petis
224 946 319 975 munus:
329 933 378 988 quis
386 934 447 976 enim
457 948 496 976 sue
505 935 577 990 prelia
587 936 661 979 victus

61 1008 239 1049 Commemorere
248 1006 310 1050 veiis?
319 1006 412 1050 referam
423 1018 496 1051 temen
505 1009 592 1065 ordine;
602 1025 642 1054 nec
651 1021 698 1054 tam

60 1080 133 1134 Turpe
142 1077 185 1121 fuit
195 1079 261 1130 rinei,
270 1094 337 1136 quem
347 1083 482 1125 contendisse
491 1083 596 1127 decorum
605 1094 649 1129 est:

63 1153 184 1208 Magnaque
192 1154 231 1195 det
239 1153 302 1196 nobis
312 1163 386 1198 tunsus
396 1154 472 1199 solerie
482 1156 556 1200 victor.

92 1224 186 1268 Nomine
195 1225 212 1268 si
222 1239 265 1282 que
275 1241 315 1269 suo
324 1228 413 1270 tandem
423 1229 520 1284 pervenit
529 1231 557 1272 ed
566 1245 630 1275 aures

61 1299 161 1342 Deianira
170 1310 229 1353 tuns;
239 1301 353 1357 quondum
362 1300 510 1358 pulcherrima
519 1303 590 1361 virgo,

62 1373 227 1430 Multorumque
237 1372 279 1416 fuit
288 1387 336 1429 spes
346 1374 451 1417 invidiosa
460 1389 586 1432 procorum.
633 1410 634 1413 η

61 1450 119 1491 Cum
128 1448 208 1504 quibus
217 1458 242 1492 ut
251 1448 319 1492 soceri
328 1449 408 1492 domus
417 1459 450 1492 est
458 1449 538 1493 intrusa
548 1451 621 1507 petiti,

61 1523 139 1579 Accipe
149 1536 184 1565 me
194 1537 309 1579 generum,
319 1524 375 1574 dixi,
385 1517 504 1568 Porthaone
513 1536 570 1569 nete.

61 1596 120 1640 Dixit
128 1608 151 1639 et
160 1596 247 1640 Alcides.
257 1597 296 1640 dlii
306 1612 387 1641 cessere
396 1599 489 1642 duobus.

61 1669 100 1712 lue·
109 1672 184 1712 Jovem
195 1684 294 1713 socerum
303 1671 355 1713 dere
364 1686 397 1721 se,
407 1671 536 1729 famamque
545 1673 658 1732 laborum,

60 1745 88 1786 Et
97 1753 198 1800 superata
207 1757 250 1787 sue
261 1743 367 1789 referebat
374 1745 437 1801 jussa
446 1761 548 1792 novercae.

59 1820 142 1862 Contra
151 1832 191 1873 ego
200 1817 277 1876 (turpe
286 1821 354 1862 Deum
366 1821 453 1864 morsali
462 1823 537 1865 cedere
545 1824 611 1867 duxi:

59 1893 168 1935 Nondum
177 1902 224 1935 erat
232 1891 268 1935 ille
277 1893 346 1950 Deus)
355 1908 360 1933 z
369 1897 449 1950 Regem
459 1909 495 1938 me
504 1896 573 1939 cernis
582 1911 702 1954 aquarum,

58 1965 166 2010 Cursibus
175 1965 269 2021 obliquis
278 1965 335 2009 intra
345 1977 383 2010 rua
392 1981 457 2023 regne
467 1967 588 2011 fluentum:

59 2042 107 2083 Nee
116 2053 182 2096 gener
190 2039 283 2082 externis
291 2040 369 2097 hospes
379 2040 418 2084 tibi
430 2040 507 2083 missus
516 2041 545 2084 nb
554 2042 609 2095 oris,

59 2117 103 2158 Sed
113 2114 282 2171 popularium,
292 2125 313 2159 et
322 2129 395 2158 rerum
405 2129 456 2172 pers
465 2129 509 2158 une
520 2124 615 2161 tuarum.

57 2191 159 2233 Tantum
168 2202 195 2232 ne
206 2198 295 2244 nocent,
304 2190 364 2246 quod
373 2203 409 2233 me
418 2204 459 2234 nee
468 2190 526 2248 regin
534 2191 592 2235 iuno
