1667 2592
64 205 148 259 ιω.
307 203 408 245 titur
425 203 473 244 111.
680 205 709 260 9³

63 297 129 338 Nunc
138 295 184 337 duo
193 294 311 336 concordes
321 294 396 337 anima
406 294 528 336 moriemur
536 293 559 337 in
570 308 622 337 una.
629 312 640 334 »ι

93 368 162 417 Dixit,
172 378 194 411 et
203 369 230 410 ad
240 366 318 410 faciem
330 367 392 410 rediit
402 368 458 409 male
468 382 534 411 sanus
542 370 655 420 eamdem

2 486 3 499 q
63 445 89 487 Et
99 442 202 500 lacrymis
214 442 309 485 turbavit
317 456 396 498 aquas3
406 443 541 498 obscuraque
551 453 612 485 moto

63 518 154 561 Reddita
164 516 236 559 forma
245 517 295 560 tacu
304 528 348 569 est;
357 532 426 574 quam
435 532 505 573 quum
515 518 601 561 vidisset
610 518 682 583 abire,¹

65 595 133 652 «Quo
144 592 214 649 fugis?
223 595 248 634 o!
259 607 358 643 remane;
369 608 408 635 neo
418 608 464 643 me,
474 592 578 643 crudelis,
587 605 700 636 amantem

63 669 150 714 uesere.
160 666 269 710 clamavit.
280 667 360 716 Liceat,
370 667 430 722 quod
441 677 528 723 tangere
539 680 582 709 nou
591 677 634 719 est,

63 741 190 798 Admisere,
199 751 220 784 et
231 741 309 784 misero
320 743 414 798 praebere
424 742 528 783 alimenta
537 740 618 782 furori!
626 757 638 779 r

63 818 165 872 Dumque
174 816 244 867 dolet,
254 830 342 859 summa
352 826 433 859 vestem
444 816 532 858 deduxit
541 816 569 857 ab
579 828 629 867 ora,

64 890 174 944 Nudaque
184 889 312 932 marmoreis
323 889 427 945 percussit
437 898 525 944 pectora
535 887 619 943 primis.

65 964 153 1005 Pectora
165 972 276 1005 traxerunt
286 972 374 1005 tenuem
384 976 486 1018 percussa
496 963 610 1013 ruborem3

64 1041 114 1082 Non
124 1039 194 1089 aliter,
204 1053 271 1094 quam
281 1052 347 1094 pomo
355 1038 436 1084 soient.
447 1053 494 1094 qua
504 1039 595 1081 candida
604 1047 677 1095 parte,

64 1115 126 1177 Parte
134 1112 229 1154 rubent:
240 1121 278 1155 aut
288 1121 323 1161 ut,
332 1111 396 1154 variis
406 1111 460 1154 solet
470 1126 512 1154 ura
522 1112 612 1154 racemis

63 1191 145 1232 Ducere
154 1200 302 1243 purpureum,
312 1188 412 1229 nondum
423 1196 520 1238 matura,
531 1188 634 1230 colorem.

64 1264 117 1322 Qua
126 1261 193 1305 simul
203 1261 299 1318 adsperit
309 1260 424 1317 liquefacta
435 1275 509 1303 rursus
519 1261 541 1303 in
551 1262 621 1313 unda,

65 1339 115 1380 Nou
125 1335 177 1379 tulit
186 1335 276 1378 ulterius
285 1351 290 1375 :
300 1335 348 1385 sed,
359 1343 384 1376 ut
393 1334 525 1376 intabescere
535 1334 595 1377 trave

65 1415 115 1468 {gne
125 1410 167 1453 tevi
176 1423 241 1461 cera,
251 1409 390 1452 matutinaeve
399 1407 482 1464 pruinae

63 1485 112 1528 Sole
123 1494 209 1541 tepente
218 1483 299 1533 solent,
309 1483 340 1525 sic
349 1492 475 1525 attenuatus
485 1495 559 1528 amore

1 1569 2 1598 t
64 1559 170 1617 Liquitur,
179 1569 201 1602 et
210 1572 266 1602 caeco
275 1557 381 1614 paulatim
391 1558 488 1613 carpitur
497 1558 548 1612 igni,

63 1634 88 1675 tu
97 1646 169 1689 neque
175 1630 224 1687 jam
232 1628 294 1674 color
303 1640 335 1675 est
344 1631 412 1674 mixto
422 1632 515 1674 candore
524 1630 610 1684 rubori3

64 1707 109 1748 Nee
119 1705 185 1762 vigor,
195 1715 218 1747 et
228 1704 292 1755 vires,
303 1714 324 1747 et
333 1719 381 1760 quoe
391 1706 458 1746 modo
468 1705 511 1747 visa
520 1705 644 1762 placebant,

64 1781 109 1823 Nec
119 1791 199 1834 corpus
208 1787 316 1827 remanet.
326 1777 438 1832 quondam
447 1778 506 1833 quod
516 1787 625 1821 amaverat
634 1779 698 1821 Echo.

66 1853 118 1911 Quae
127 1861 202 1894 tamen
212 1859 237 1893 ut
247 1850 310 1901 vidit,
320 1850 420 1905 quamvis
429 1850 484 1893 irata
494 1864 633 1907 memorque,

65 1925 175 1970 Indoluit:
185 1925 313 1981 quotiesque
322 1939 376 1981 puer
386 1925 525 1976 miserabilis,
535 1926 605 1968 Eheu!

65 2001 161 2052 Dixerat3
172 1999 217 2042 bare
226 2000 307 2042 resonis
316 2000 407 2044 iterabat
416 2000 516 2050 vocibus,
526 2000 596 2043 Eheu!

65 2073 183 2131 Quumque
192 2085 243 2115 suos
253 2072 354 2115 manibus
364 2082 498 2129 percusserat
507 2071 542 2113 ille
551 2072 652 2123 lacertos,

65 2146 112 2189 llaeo
121 2158 211 2201 quoque
220 2145 323 2188 reddebat
333 2146 430 2187 sonitum
439 2144 548 2200 plangoris
557 2145 668 2185 eumdem.

64 2218 147 2263 urtina
157 2231 199 2262 vox
206 2217 294 2261 solitam
303 2217 346 2262 fuit
354 2219 400 2261 brec
409 2215 525 2274 spectantis
535 2215 558 2258 in
567 2216 664 2258 undam
707 2228 709 2231 ·
