1667 2592
108 169 150 221 ηε
261 148 592 211 nerinonenosnon
669 166 757 217 met.

106 256 209 300 Subdita:
218 256 316 313 dumque
326 256 393 299 nvidis
402 255 567 311 comprenditur
575 253 666 310 ignibus
675 266 757 309 agger,

106 331 235 387 congeriem
244 332 301 374 silvae
311 334 411 374 Nemcen
420 330 497 373 vellere
505 343 619 372 summam

107 405 198 456 sternis,
209 416 230 449 et
239 405 341 462 imposita
350 405 414 448 clave
424 405 505 447 cervice
515 403 637 456 recumbis,

109 479 170 520 Haud
181 478 223 521 elio
233 480 306 530 vultu,
315 493 383 534 quarn
393 479 410 521 si
420 478 509 520 conviva
516 477 611 533 jaceres,

107 552 167 594 Inter
175 550 238 607 plene
248 553 302 594 meri
313 552 426 598 redimitus
434 550 514 607 poeula
523 550 592 593 sertis.

138 700 164 741 V.
174 701 264 749 lenone
274 698 357 747 valens,
367 708 388 742 et
397 699 420 741 in
430 712 496 741 omne
505 698 561 741 letus
570 695 656 740 diflusa
665 699 773 750 sonabat,

109 773 242 827 securosque
252 785 322 823 artus,
332 781 535 828 contemtoremque
543 773 633 828 petebat

109 844 208 888 Flamma
217 859 296 887 suum:
308 855 416 888 tremuere
426 846 461 887 Dei
471 859 511 902 pro
520 845 605 886 vindice
616 854 687 888 terrae.

111 920 170 974 Quos
180 918 210 960 ita
220 919 298 975 (sensit
307 919 381 975 enim)
390 919 439 962 laeto
448 918 562 961 Saturnius
571 931 609 959 ore

111 994 195 1047 Jupiter
204 992 342 1047 adloquitur:
354 1010 365 1031 tt
375 995 454 1035 Nostra
463 1003 495 1035 est
504 994 571 1035 timor
579 992 620 1034 iste
630 990 746 1048 voluptas,

112 1068 129 1108 0
139 1065 225 1120 Superi!
237 1074 325 1120 totoque
334 1066 403 1108 libens
413 1067 468 1108 mihi
477 1076 564 1122 pectore
573 1075 660 1122 grator,

111 1140 175 1196 Quod
185 1140 287 1181 memoris
297 1140 372 1195 populi
381 1140 442 1182 dicor
452 1151 564 1196 rectorque
573 1149 693 1196 paterque,

112 1216 137 1256 Et
147 1227 195 1255 men
205 1214 316 1270 progenies
326 1224 395 1257 vestro
405 1228 493 1270 quoque
502 1224 549 1257 tute
558 1212 633 1256 favore
643 1224 684 1256 est.

113 1290 171 1329 Nnni
181 1301 315 1343 quamquem
325 1288 392 1344 ipsius
401 1290 467 1331 datur
475 1289 517 1330 boc
526 1287 663 1329 immanibus
673 1287 740 1339 actis,

113 1363 202 1418 Obligor
209 1363 254 1419 ipse
266 1373 352 1406 tamen:
362 1364 479 1415 sedenim,
489 1377 516 1405 ne
526 1373 613 1419 pectora
622 1377 682 1405 vano

113 1438 165 1479 Fide
175 1447 236 1480 metu
245 1448 347 1494 paveant,
357 1441 438 1481 Olltaeas
447 1438 541 1494 spernite
551 1437 661 1480 flammas.

115 1514 193 1555 Omnia
203 1514 240 1568 qui
250 1514 311 1564 vicit,
321 1514 403 1565 vincet,
413 1528 468 1569 quos
477 1513 574 1563 cernitis,
584 1513 655 1568 ignee

115 1589 160 1628 Nee
169 1587 210 1628 nisi
220 1596 320 1629 materna
329 1588 454 1630 Vulcanum
464 1597 525 1644 parte
534 1596 647 1644 potentem

116 1661 209 1703 Sentiet:
219 1670 325 1702 eternum
334 1671 378 1713 est,
388 1677 400 1704 e
410 1675 447 1705 me
455 1662 515 1718 quod
525 1660 599 1711 traxit,
609 1669 632 1702 et
641 1674 719 1717 expett

116 1737 185 1789 Atque
194 1734 294 1777 immune
304 1736 374 1788 necis,
383 1721 488 1792 milleque
497 1735 607 1777 domabile
616 1734 718 1778 flamme.

115 1809 183 1863 quue
193 1821 232 1863 epo
241 1806 372 1850 defunctum
382 1819 438 1851 terra
448 1809 569 1851 ecelestibus
578 1807 622 1849 oris

115 1882 235 1937 decipiam
244 1881 372 1936 cunctisque
383 1896 458 1924 meum
468 1882 559 1925 laetebile
568 1880 653 1924 sectum

115 1957 150 1997 Dis
161 1954 206 1997 fore
216 1956 309 1998 conlido.
319 1955 340 1998 si
349 1956 398 2011 quis
409 1966 481 1999 tamen
493 1954 593 2006 Hercule,
603 1955 620 1996 si
630 1955 680 2011 quis

116 2031 178 2071 Forte
188 2032 230 2072 neo
240 2031 347 2073 doliturus
356 2031 408 2081 erit,
418 2031 469 2073 deta
478 2031 566 2086 premia
575 2029 646 2072 nolet:

118 2103 158 2143 Sed
168 2104 272 2146 meruisse
281 2104 326 2146 deri
336 2105 398 2156 sciet;
408 2105 532 2161 invitusque
540 2103 650 2160 probabit.
660 2122 673 2143 »

141 2174 257 2218 Adsensere
265 2176 315 2219 Dei:
326 2176 407 2233 conjux
415 2191 503 2235 quoque
512 2178 569 2235 regin
580 2178 625 2220 vise
634 2187 669 2220 est
