1667 2592
119 210 199 252 2³⁸*
270 204 601 289 uniruorpuoseorr
674 196 792 260 v.127.'

119 296 209 341 Moenia:
218 309 271 338 nem
280 295 356 346 fateor,
366 294 447 346 merui;
458 303 479 336 et
487 307 538 336 sum
547 293 613 349 digna
621 292 699 350 perire.

119 373 153 414 Me
162 381 236 414 tamen
245 367 320 412 exiliis
329 366 417 423 aliquis,
427 380 481 422 quos
490 367 559 423 impia
568 366 622 418 lesi,
687 402 689 405 .

118 447 153 487 Me
162 443 260 500 perimat.
269 444 320 494 Gur,
329 442 367 498 qui
377 440 445 484 vicisti
455 441 546 483 crimine
555 447 641 491 nostre,

118 517 238 573 insequeris
246 517 341 559 crimenl
349 515 418 558 scelus
428 515 469 557 hoc
479 516 596 572 patrieque
604 514 720 571 putrique,

119 590 222 634 Officium
232 589 272 633 tibi
281 590 315 632 sit.
324 591 353 632 Te
362 602 411 631 vere
420 588 513 645 conjuge
521 588 588 644 digna
596 597 641 639 est,

118 667 170 723 Quae
180 675 266 708 torvum
275 663 334 721 ligno
343 663 427 720 decepit
436 663 533 706 adultera
543 673 644 714 taurum,

118 731 285 795 Discordemque
294 749 356 783 utere
365 738 436 782 fetmn
446 738 501 782 tuiit.
511 739 593 795 Ecquid
601 739 630 781 ad
639 750 705 781 aures

118 813 247 869 Perveniunt
256 826 306 855 mea
314 812 372 856 dicta
380 819 442 856 tuas?
450 827 479 855 an
488 812 563 854 inania
570 813 630 856 venti

57 920 59 925 ,
118 888 190 930 Verba
200 885 284 938 ferunt;
294 887 396 943 idemque
405 895 465 938 tuas,
475 886 568 942 ingrate,
578 886 675 929 carinas!

118 963 167 1005 lam
174 959 222 1016 jam
232 960 349 1015 Pasiphaen
358 974 403 1002 non
412 971 446 1003 est
454 960 554 1003 mirabile
563 969 653 1003 taurum

119 1031 260 1089 l’raepoeuiese
269 1031 322 1074 tibi:
333 1041 357 1074 tu
366 1031 415 1087 plus
425 1031 516 1075 feritatis
525 1033 627 1075 habebas.

119 1109 153 1150 Me
162 1105 276 1148 miseram!
286 1118 400 1161 properare
406 1104 484 1162 juvat:
494 1106 620 1162 divulsaque
629 1106 697 1150 remis
713 1098 715 1103 ¹

119 1181 181 1224 Unda
189 1189 264 1223 senat:
274 1192 362 1220 mecum
371 1178 449 1232 simul,
458 1180 498 1221 ab!
509 1193 557 1222 mea
566 1189 624 1223 terra
633 1181 723 1224 recedit.

119 1254 156 1298 Nil
165 1253 222 1311 agis,
230 1267 244 1296 ο
253 1252 334 1296 frustra
342 1253 472 1296 meritorum
481 1254 548 1297 oblite
557 1248 666 1297 mee‘rum.

119 1333 222 1385 insequar
231 1329 334 1381 invitum3
344 1329 479 1385 puppimque
488 1328 588 1385 amplexa
596 1343 726 1383 recurvam,

119 1409 158 1449 l’er
167 1405 222 1449 freta
232 1405 295 1462 ionga
304 1404 384 1448 trahar.
395 1421 406 1445 ι(
412 1404 454 1447 Vix
461 1404 555 1456 dixeram
565 1400 633 1447 insilit
641 1403 726 1458 undas,

119 1477 306 1534 consequiturque
315 1486 381 1528 rates,
391 1475 484 1519 iaciente
492 1476 597 1533 Cupidine
606 1476 674 1530 vires,

120 1552 271 1605 Gnosiaeaeque
280 1551 345 1593 haeret
354 1563 427 1592 comes
436 1548 541 1592 invidiosa
549 1550 634 1593 earinae.

122 1627 192 1683 Quam
202 1633 263 1679 pater
272 1632 296 1666 ut
305 1623 358 1665 vidit
367 1622 433 1680 (nem
439 1622 487 1679 jum
497 1625 605 1680 pendebat
613 1625 637 1666 in
646 1637 726 1677 aurat,

120 1701 147 1742 Et
156 1698 222 1739 modo
230 1696 301 1740 iactus
311 1706 357 1739 erat
365 1695 431 1739 fulvis
440 1697 550 1741 lleiioeetos
559 1697 624 1754 ulis),
686 1747 690 1753 Ι

120 1775 179 1825 ibat,
188 1782 214 1815 ut
222 1772 339 1814 haerentem
348 1780 417 1814 rostro
427 1771 518 1815 laniaret
527 1769 620 1815 adunco.
689 1754 693 1763 ,

120 1847 159 1890 Illa
169 1856 229 1889 metu
238 1843 330 1901 puppim
339 1844 441 1887 dimittit:
451 1855 536 1888 aterum
546 1846 661 1888 cedentem

120 1920 250 1965 sustinuisse
259 1917 320 1969 levis,
329 1931 357 1960 ne
367 1920 463 1975 tangeret
471 1932 569 1974 equora,
579 1919 622 1961 visa
632 1928 672 1962 est.

120 1997 196 2038 Pluma
205 1994 260 2037 fuit:
270 1993 350 2050 plumis
359 1993 382 2035 in
390 2006 452 2035 avem
463 2003 548 2036 mumta
557 2002 648 2036 vocatur

120 2070 185 2118 Giris,
195 2078 216 2111 et
225 2082 238 2110 a
248 2064 310 2110 tonso
320 2053 352 2110 eit
360 2067 401 2110 hoc
410 2080 492 2109 nomen
501 2067 578 2122 adepta
587 2065 673 2121 capillo.
687 2055 690 2062 ’

149 2216 186 2257 lv.
198 2215 260 2256 Vere
269 2213 316 2257 lovi
324 2180 394 2257 lliinoe
403 2218 518 2256 taurorum
526 2222 617 2269 corpora
626 2221 719 2257 centum
