1667 2592
108 192 149 234 ido
256 188 585 232 Muttitontflosttott
658 203 679 232 t.
693 191 746 244 554.

105 284 138 325 An
147 279 208 336 quia,
218 292 288 335 quum
298 278 376 334 legeret
384 289 461 319 vernos
470 276 595 333 Proserpina
604 275 681 329 floret,

107 356 132 396 ln
141 354 249 397 comitum
257 365 350 396 nurnero
359 351 443 403 mtxrae,
452 350 545 401 Sirenes,
555 350 631 395 emus?

107 429 179 484 Quam
188 436 304 484 postquam
314 435 359 468 toto
368 423 449 467 frustra
457 423 561 480 quesistis
569 424 593 466 in
601 424 667 477 orbe,

106 500 206 543 Protinus
215 510 240 543 ut
249 509 341 542 vestram
350 498 455 541 sentirent
462 511 550 554 aequora
558 511 648 550 curam,

106 576 168 617 Posse
179 587 244 630 super
253 573 332 616 fluctus
341 571 426 615 alarum
435 571 531 614 insistere
540 571 605 614 retnis
663 615 666 619 ,

106 645 212 702 Optastis:
222 644 337 701 facilesque
345 643 524 695 lieoshabuistis‚
533 654 555 686 et
563 652 625 687 artus

104 718 192 761 Vidistis
201 728 281 762 vestros
290 717 367 760 subitis
376 716 489 759 flavescere
497 716 580 772 pennis.

104 794 138 835 Ne
147 803 219 835 tamen
229 791 265 834 ilie
274 804 352 842 canor,
361 790 486 834 mulcendas
495 801 559 835 natus
568 791 595 833 nd
604 803 681 843 aures,

105 867 217 923 Tantaque
225 866 265 907 dos
273 865 317 907 oris
325 864 403 920 linguae
412 865 536 921 deperderet
545 878 622 916 usum,

105 938 201 994 Virginei
211 938 294 989 tuitus,
303 948 325 979 et
334 951 374 980 vox
383 937 481 980 humana
490 937 600 980 remansit.

134 1014 161 1053 tt
170 1009 254 1052 medius
264 1009 378 1065 fratrisque
386 1010 421 1051 sui
431 1019 553 1066 moestaeque
561 1011 641 1053 sororis

105 1082 189 1138 Jupiter
198 1096 222 1123 ex
231 1096 293 1137 aequo
304 1081 424 1123 volventem
432 1081 508 1123 dividit
519 1095 609 1123 annum.

105 1158 170 1199 Nunc
179 1157 221 1196 Dea
231 1168 346 1210 regnorum
359 1168 441 1197 numen
451 1168 567 1197 commune
577 1155 673 1198 duorum

104 1230 161 1271 Cum
172 1237 240 1270 matre
249 1236 280 1270 est
291 1227 391 1276 totidem,
402 1228 492 1271 totidem
501 1240 553 1269 oum
562 1225 654 1284 conjuge
664 1239 758 1272 mentes.

105 1302 203 1345 Vertitur
213 1300 320 1356 externplo
330 1299 394 1342 facies
403 1309 425 1341 et
433 1300 511 1341 mentis
521 1307 542 1341 et
550 1299 606 1341 oris:

105 1378 175 1427 Nam,
185 1375 251 1419 modo
260 1388 308 1430 quae
318 1383 401 1429 poterat
409 1373 450 1415 Diti
459 1387 545 1428 quoque
554 1381 630 1415 moesta
639 1371 720 1426 videri,

104 1451 160 1491 Laetu
170 1450 217 1490 Dee
225 1447 285 1489 frons
294 1457 338 1489 est:
349 1457 374 1489 ut
382 1445 429 1497 Sol,
438 1446 475 1501 qui
486 1457 553 1490 tectus
562 1446 649 1502 aquosis

106 1522 208 1566 Nubibus
216 1532 267 1567 unte
275 1520 329 1572 fuit,
339 1520 400 1564 victis
409 1520 447 1563 ubi
456 1521 551 1563 nubibus
559 1520 608 1563 exit

134 1672 161 1713 X.
170 1671 247 1713 Extorr
257 1669 314 1712 alma
324 1671 397 1722 Ceres,
408 1679 460 1713 nata
468 1684 544 1713 secura
553 1679 649 1726 receptu,

106 1748 158 1804 Quae
169 1744 207 1788 tibi
217 1757 281 1786 causa
290 1744 340 1785 tint
349 1757 389 1785 cur
397 1743 437 1794 sis,
446 1743 561 1794 Arethusa,
569 1757 629 1786 sacer
638 1743 701 1788 ionst

107 1816 233 1861 Conticuere
244 1815 318 1857 undae:
329 1819 423 1870 quhrum
432 1817 474 1857 Dea
484 1814 571 1857 sustulit
579 1814 623 1858 alto

106 1893 174 1934 Fonte
183 1898 259 1944 caput,
269 1889 387 1944 viridesque
396 1902 465 1930 manu
474 1888 552 1931 sicema
560 1888 650 1945 capillos

108 1961 213 2007 Fluminis
222 1960 264 2003 Elei
274 1970 354 2003 veteres
363 1961 458 2003 narravit
466 1974 557 2003 umores.

109 2039 175 2078 «Pars
185 2049 224 2091 ego
234 2034 396 2092 Nympharum,
406 2047 453 2090 qua
462 2033 545 2076 suntin
554 2033 658 2089 Achaide,
667 2035 734 2090 dixit,

108 2112 154 2152 Una
165 2108 208 2158 iui;
218 2122 257 2150 nec
267 2121 301 2150 ute
311 2107 428 2150 studiosius
436 2105 502 2149 ultera
510 2106 578 2151 saltus

109 2182 178 2238 tegit,
187 2194 226 2225 neo
236 2180 308 2238 posuit
316 2180 433 2225 studiosius
442 2179 508 2225 altera
517 2194 592 2225 sosas.
