1667 2592
131 202 157 241 ⁵2
283 195 616 240 nnrtnouruosnott
691 200 790 244 v.338.

131 287 278 343 Incubuitque
287 287 336 329 loco
345 303 349 328 :
360 299 485 341 nomenque
494 285 517 328 iu
527 299 638 329 munnere
647 286 739 332 lectum

130 360 228 404 Perfudit
236 361 349 419 lacrymis,
358 371 381 404 et
389 371 465 418 aperto
475 370 560 418 pectore
571 359 630 404 fovit

132 437 177 478 Nec
187 435 260 478 minua
270 435 366 477 Heliades
375 433 450 485 fletus,
459 445 492 485 tt,
501 435 575 478 inania
584 435 651 479 morti

133 510 236 558 Munera,
246 509 299 551 daut
308 507 414 565 lacrymas
423 523 428 547 ε
438 519 459 550 et
468 523 525 551 caesae
534 519 623 565 pectora
631 509 721 566 palmia,

133 584 184 625 Non
194 582 322 625 auditurum
332 582 422 624 miseras
432 583 564 627 Phaethonta
574 583 673 639 querelas

133 659 203 700 Nocte
212 657 289 712 dieque
298 666 386 706 vocant;
398 657 596 713 adsternunturque
606 658 717 714 sepulcro.

134 730 195 772 Luna
205 739 282 785 quater
287 729 371 786 junctis
380 728 482 785 implerat
491 730 594 774 cornibus
603 732 680 773 orbem
689 747 695 774 :

134 802 179 846 ma
188 816 249 845 more
258 816 298 845 suo
308 801 374 859 (narn
384 816 470 844 morem
479 801 560 845 fecerat
569 803 635 858 usus)

135 878 264 934 Plangorem
273 878 384 920 dederant.
394 880 409 920 E
420 879 469 934 quis
478 877 598 921 Phaethusa
608 892 714 922 summm

136 952 242 1002 Maxima,
251 965 321 1006 quum
332 950 394 994 vellet
403 960 465 994 terre
474 952 629 1008 procumbere,
638 965 719 1009 questa
729 965 765 999 eet

135 1024 252 1080 Diriquisee
262 1024 339 1079 pedes:
349 1025 377 1066 ad
386 1037 455 1081 quam
464 1033 542 1066 conata
551 1025 624 1066 venire

139 1098 235 1142 Candida
245 1098 365 1154 Lampetie,
375 1098 448 1141 subita
458 1098 530 1141 radice
540 1107 622 1142 retenta
631 1109 671 1142 est

138 1174 221 1223 tertia,
232 1187 302 1229 quum
311 1172 394 1215 crinem
405 1174 507 1216 manibus
516 1173 598 1216 laniare
606 1184 706 1230 pararet,

139 1246 215 1302 Avellit
225 1245 318 1289 frondes.
328 1248 376 1289 llaec
385 1245 458 1301 stipite
467 1259 530 1288 crura
540 1246 620 1298 teneri,

139 1320 180 1363 Illa
188 1320 248 1364 dolet
257 1319 304 1363 fieri
314 1319 389 1376 longos
398 1333 438 1362 sua
448 1320 536 1362 brachia
545 1333 625 1362 ramos.

140 1397 242 1452 Dumque
251 1408 276 1438 ea
285 1394 401 1445 mirantur,
410 1393 563 1449 complectitur
572 1393 662 1450 inguina
672 1405 763 1449 corten

141 1473 223 1526 Perque
228 1470 539 1525 gratuluterumpectusque,
544 1467 699 1524 humerosque,
705 1484 830 1529 manusqut

141 1545 227 1594 Ambit,
236 1553 258 1586 et
267 1544 379 1586 exstabant
389 1552 475 1585 tanturn
485 1555 524 1583 ora
533 1541 632 1584 vocantia
642 1553 749 1588 matrem.

143 1619 201 1678 Quid
211 1616 276 1659 facim
285 1622 366 1659 mater?
376 1616 416 1658 uisi
423 1649 429 1668 ‚
437 1630 482 1672 quo
493 1616 564 1659 trahat
573 1615 668 1672 impetus
678 1617 755 1671 illam,

144 1694 191 1735 lluc
200 1700 245 1739 tat.
254 1699 320 1745 atque
329 1691 392 1734 illuct
401 1700 433 1740 et,
444 1690 498 1732 dum
508 1689 568 1739 licet,
577 1690 652 1732 oscula
658 1690 756 1748 jungat!

144 1765 195 1807 Nou
204 1763 254 1805 satir
263 1771 301 1805 est.
311 1762 401 1805 Truncis
411 1762 501 1805 avellere
510 1775 601 1817 corpora
611 1771 694 1813 tentat,

144 1839 170 1881 Et
179 1847 263 1880 teneros
274 1836 375 1879 manibus
385 1849 458 1878 ramos
467 1837 608 1892 abrumpere;
618 1836 702 1879 atinde

146 1912 272 1976 Sanquineae
281 1921 382 1959 manant,
394 1920 499 1967 tauquam
508 1912 535 1953 de
544 1910 644 1961 vulnere,
653 1923 728 1968 guttae.

146 2008 158 2032 e
165 1993 239 2035 Parce,
249 1999 332 2042 precor,
342 1996 417 2035 mater,
428 1999 562 2043 quacunque
571 1996 604 2029 est
612 1986 687 2029 saucia
697 1988 794 2042 ulamau

146 2067 221 2108 Parce.
231 2048 319 2116 precor:
330 2067 431 2100 nostrum
440 2058 536 2101 laniatur
544 2059 567 2100 iu
576 2060 654 2100 arbore
663 2073 753 2117 corpus.

146 2140 239 2191 Jamque
248 2132 320 2176 vale.»
330 2133 406 2175 Cortex
415 2132 439 2175 iu
448 2134 513 2175 verba
521 2133 638 2175 novissima
648 2134 715 2178 veuit.

146 2208 200 2254 lude
209 2206 282 2250 fluunt
290 2204 402 2263 lucryma3
411 2204 533 2263 stillataque
542 2205 587 2249 sole
595 2205 707 2263 rigescunt
