1667 2592
66 219 147 274 v.734.
320 218 421 261 itanu
437 219 454 260 1.
583 252 587 265 ,
681 212 707 262 at

66 309 136 352 Finiat
145 319 170 351 ut
179 322 253 365 poenas
264 309 366 357 tandem,
376 318 451 365 rogat:
462 310 547 365 «Inque
556 308 658 352 futurum

67 383 121 423 Pone
131 391 216 431 metus,
226 381 311 436 iuquit,
321 394 436 436 nunquam
447 381 486 424 tibi
496 395 561 424 causa
570 381 651 424 doloris

67 455 113 495 lianc
122 453 165 495 erit
174 470 198 494 :n
208 462 230 496 et
239 453 323 510 Stygiae
330 452 396 509 jubet
404 453 446 496 hoc
456 455 531 496 audire
541 454 637 510 paludes.

67 527 94 569 Ut
102 526 171 569 lenita
179 528 222 568 Dea
231 535 275 573 est,
286 524 359 569 vultus
368 526 426 582 capit
434 526 470 569 illa
480 527 575 583 priores:

67 601 154 656 rique,
164 601 224 656 quod
233 611 284 643 ante
293 599 343 642 fuit.
352 601 448 656 Fugiunt
456 615 468 643 e
477 615 567 658 corpore
576 612 638 646 setae:

67 676 156 718 cornua
165 675 307 717 decrescunt:
318 673 344 716 fit
353 672 443 716 luminis
452 675 520 717 artior
529 676 587 718 orbis
596 691 600 716 :

68 748 212 792 contrahitur
222 748 288 790 rictus
297 763 302 789 z
312 748 404 790 redeunt
412 747 544 803 humerique
552 762 687 804 manusque:

68 822 199 879 Ungulaque
209 821 232 863 in
240 821 320 876 quinos
329 820 412 877 dilapsa
422 821 547 864 absumitur
556 835 646 877 ungues.

69 898 98 939 De
107 898 165 939 bove
173 893 206 936 nii
215 904 323 950 superest,
333 893 410 936 forma
418 894 558 943 distendor,
568 894 591 936 in
601 894 651 937 iila:

71 969 195 1024 Officioque
204 969 284 1023 pedum
295 967 398 1026 Nympha
407 978 509 1011 contenta
519 968 615 1011 duorum

71 1045 179 1101 Erigitur3
191 1043 313 1099 metuitque
323 1041 394 1097 loqui,
404 1056 432 1084 ne
441 1056 502 1085 more
507 1041 606 1098 juvenen

72 1119 167 1175 Hugiat.
176 1127 199 1160 et
208 1117 283 1159 timide
293 1116 358 1159 verba
367 1115 490 1158 intermissa
499 1126 598 1159 retentat.

72 1194 138 1236 Nunc
147 1192 192 1233 nea
200 1188 291 1247 linigera
300 1190 380 1232 colitur
389 1188 528 1231 celeberrima
537 1189 609 1232 turba.

102 1341 162 1385 nv.
174 1341 229 1383 Huic
239 1338 343 1395 Epaphus
350 1336 425 1393 magni
434 1336 520 1393 genitias
529 1338 556 1378 de
565 1335 647 1379 semine
657 1338 744 1381 tandem

75 1415 176 1461 Creditur
184 1427 229 1456 esse
238 1412 308 1464 Jovis3
319 1425 400 1468 perque
410 1412 475 1454 urbes
480 1411 559 1468 juncta
569 1412 651 1467 parenti

77 1489 168 1546 Templa
178 1496 243 1531 tenet.
253 1487 303 1530 Fuit
312 1486 364 1529 huic
374 1486 453 1529 animis
462 1486 549 1542 equalis
558 1496 579 1529 et
588 1487 650 1529 annis

78 1565 125 1608 Sole
132 1572 194 1607 satus
201 1562 311 1605 Phaethon
318 1594 324 1612 ‚
331 1575 397 1616 quem
404 1563 517 1617 quondam
525 1575 604 1617 magna
611 1561 735 1620 loquentem
743 1595 748 1615 ‚

79 1641 123 1682 Nec
133 1637 176 1681 sibi
185 1637 310 1687 cedentem,
320 1635 444 1691 Phoeboque
453 1645 542 1691 parente
551 1637 682 1692 superbum,

81 1716 130 1757 Non
142 1712 193 1756 tulit
203 1710 323 1760 Inachides3
335 1709 471 1766 «Matrique,
481 1710 523 1760 ait,
533 1711 607 1754 omnia
616 1713 705 1756 demens

80 1788 164 1839 credie
174 1797 197 1829 et
208 1800 230 1828 ea
240 1785 339 1828 tumidus
349 1783 451 1839 genitoris
460 1784 554 1841 imagine
562 1784 617 1828 falsi.
624 1803 635 1825 »

82 1861 175 1906 Erubuit
184 1859 307 1909 Phaethon,
317 1858 415 1913 iramque
425 1859 507 1914 pudore
517 1859 627 1915 repressi13

83 1940 109 1981 Et
119 1935 169 1980 tulit
177 1935 206 1977 ad
214 1933 333 1991 Clymenen
343 1933 424 1989 Epaphi
434 1932 530 1975 convicia
540 1944 639 1975 matrem.

85 2011 196 2068 «Quoque
206 2006 275 2061 magis
284 2004 368 2058 doleas,
377 2006 481 2062 genitrix,
491 2005 534 2054 ait.
544 2005 580 2047 ille
589 2018 628 2059 ego
638 2002 699 2054 liber,

84 2083 122 2127 tlte
131 2079 194 2124 feror
203 2079 272 2123 tacui:
283 2080 351 2136 pudet
359 2080 404 2122 haec
414 2080 532 2135 opprobria
541 2078 605 2120 nobis

86 2159 113 2201 Et
121 2153 164 2198 diei
173 2153 281 2210 potuisse,
291 2162 365 2195 ernon
375 2152 470 2208 potuisse
480 2149 561 2206 repeiii.

88 2233 114 2275 dt
124 2240 160 2280 tu,
169 2226 188 2270 si
198 2226 265 2269 modo
274 2238 324 2269 sum
334 2223 413 2268 culeati
422 2223 489 2278 stirpe
498 2228 595 2267 oreatus,
