1667 2592
64 186 84 216 r.
97 172 150 215 ³65.
294 170 395 213 LIBER
413 171 487 212 Vnt.
666 171 708 225 247

63 260 165 303 Forsitan
175 268 196 302 et
205 257 277 316 Pylius
286 257 340 301 citra
349 257 444 314 Trojana
453 257 543 313 perisset

61 336 186 391 Tempora:
196 334 234 376 scd
244 344 318 376 sumto
328 333 398 389 posite
407 332 524 375 conamine
533 333 561 375 ab
570 332 645 385 hasta,

61 408 155 451 Arboris
163 407 259 459 insiluit,
270 420 318 463 que
327 393 398 449 s'nhat
407 407 518 462 proxima,
527 405 603 457 ramis3

62 481 220 537 Despexitque,
230 480 278 522 loco
290 488 362 531 tutus,
372 493 439 535 quem
449 463 546 535 fugerat,
555 479 647 522 bostem.

28 582 31 587 ·
62 556 171 600 Dentibus
180 555 216 598 ille
226 554 286 599 ferox
295 556 318 598 in
327 569 411 611 querno
421 555 492 610 stipite
503 554 569 605 tritis,

64 629 174 672 Imminet
183 628 259 677 exitio,
269 626 413 683 frendensque
424 628 546 670 recentibus
555 627 623 669 armis

64 703 174 746 Actoridae
183 703 256 758 magni
267 712 337 745 rostro
347 702 422 744 femur
430 701 503 743 hausit
513 702 605 744 adunco.

94 779 122 820 bt
131 776 225 833 gemini,
234 776 334 818 nondum
344 774 437 817 coeiestia
446 774 527 839 sidera,
537 772 626 825 fratres,

64 850 137 892 Ambo
146 848 269 905 conspicui,
278 848 327 890 nive
336 846 499 890 candidioribus
508 847 575 889 ambo

62 922 214 967 vectabantur
222 915 294 978 equis;
304 924 371 965 ambo
381 922 464 965 vibrate
474 935 512 978 per
521 935 586 964 aures

65 1001 184 1042 {luterum
195 997 289 1041 tremulo
298 997 426 1052 quatiebant
434 996 518 1061 spicula
527 1006 597 1040 motu.

66 1075 165 1117 Vulnera
175 1071 285 1125 fecissent;
294 1072 335 1116 nisi
344 1074 422 1130 setiger
430 1073 487 1116 inter
496 1087 574 1130 opacas

65 1151 113 1192 Nee
122 1147 201 1205 jaculis
211 1147 272 1198 isset,
281 1163 321 1191 nec
330 1162 386 1204 equo
396 1148 444 1190 loca
452 1148 537 1204 pervia,
547 1148 616 1190 silvas.
689 1174 692 1177 -

68 1222 210 1277 Persequitur
218 1221 333 1272 Telamom
344 1222 460 1276 studioque
468 1221 569 1264 incautus
578 1222 656 1274 eundi,

67 1297 152 1338 Pronus
161 1295 189 1347 eb
199 1295 289 1337 arborea
297 1294 374 1337 cecidit
384 1294 455 1337 radice
465 1304 567 1337 retentus.

69 1369 128 1411 Dum
138 1367 195 1410 levat
203 1368 262 1410 hune
271 1367 356 1417 Peleus,
366 1367 458 1410 celerem
470 1368 556 1421 Teqeaea
565 1366 666 1422 sagittam

68 1442 177 1498 Imposuit
186 1452 263 1492 nervo,
273 1441 402 1497 sinuatoque
411 1439 495 1497 expulit
502 1453 561 1482 arcu.

69 1516 121 1560 Fixn
130 1516 172 1559 sub
182 1529 235 1558 aure
243 1515 284 1557 feri
293 1528 408 1558 summum
417 1505 530 1570 destringit
539 1514 624 1557 arundo

68 1591 164 1645 Corpus,
174 1598 196 1631 et
204 1589 281 1644 exiguo
292 1587 397 1631 rubefecit
405 1586 511 1643 sanguine
520 1596 582 1630 setas.

68 1665 115 1708 Nec
126 1674 200 1706 tamen
208 1663 246 1705 itta
255 1663 288 1706 sui
298 1675 398 1706 successu
406 1662 476 1705 laetior
484 1662 551 1713 ictus,

70 1739 143 1794 Quom
153 1735 269 1791 Meleaqros
278 1745 330 1778 erat.
339 1736 424 1777 Primus
433 1735 509 1777 vidisse
518 1744 620 1792 putatur,

71 1813 97 1854 Et
106 1812 190 1867 primus
200 1810 262 1852 sociis
270 1809 341 1853 visum
351 1811 469 1854 ostendisse
477 1824 590 1861 cruorem;

72 1886 109 1935 Et,
120 1901 132 1924 α
139 1885 253 1933 Meritum,
262 1883 350 1933 dixisse,
360 1883 415 1926 feres
426 1885 509 1927 virtutis
518 1884 631 1926 bonorem.
639 1900 650 1921 s

19 1954 22 1961 '
72 1959 184 2001 Erubuere
194 1957 245 2008 riri,
257 1970 321 2013 seque
330 1958 483 2006 exhortantur,
493 1967 516 1998 et
524 1957 609 1999 addunt

72 2034 128 2077 Gom
138 2032 234 2076 clamore
243 2032 339 2083 animos,
345 2032 475 2088 jaciuntque
484 2031 529 2073 sine
538 2031 614 2073 ordine
623 2030 671 2073 teta.

73 2110 147 2152 Turba
156 2117 220 2151 nocet
225 2106 302 2163 jectis;
312 2117 344 2156 et,
353 2120 408 2162 quos
417 2105 482 2162 petit,
492 2104 577 2160 impetit
586 2105 648 2149 ictus.

74 2184 125 2226 Ecce
134 2182 210 2226 furens
219 2190 295 2225 contra
304 2193 344 2224 sue
354 2179 399 2223 fatu
408 2176 530 2236 bipennifer
539 2180 614 2230 dress,
