1667 2592
71 180 142 235 ηις.
297 177 397 222 LIBER
414 179 462 221 111.
668 194 694 239 91

71 271 141 319 lieret,
151 277 175 311 ut
184 282 195 311 e
203 268 266 311 Pario
275 267 396 312 formatum
407 284 516 312 marmore
526 270 620 326 siguum.

71 347 147 401 Spectat
154 345 217 386 humi
227 344 311 400 positus
320 345 444 398 geminum,
453 359 491 386 suu
501 344 596 396 lumina,
605 345 676 398 sidus,

69 421 92 463 Et
99 420 171 475 dignus
179 419 273 467 Baccho,
283 417 359 472 dignos
369 428 389 459 et
399 418 496 474 Apolline
505 420 586 470 crines,

70 495 206 550 Impubesque
215 504 292 548 genas,
303 499 324 532 et
333 491 428 533 eburnea
437 491 503 540 colle.
512 494 620 549 decusque

69 567 121 613 Oris,
131 565 182 609 etin
192 564 255 607 niveo
266 564 360 606 mixtum
370 565 463 606 caudore
473 566 587 617 ruborem3

70 642 189 696 cunctaque
199 638 299 683 miratur.
309 638 389 693 quibus
398 649 430 681 est
440 639 555 690 mimbilis3
565 641 610 695 ipse

70 717 92 759 Se
100 716 158 771 cupit
167 715 306 770 imprudens;
316 723 347 763 et,
357 714 393 769 qui
403 710 493 770 probat,
502 715 537 757 iile
546 716 661 779 probatum

68 791 163 844 Dumque
172 788 238 843 petit,
247 788 338 843 petitur:
350 780 472 844 pariterque
481 788 587 840 incendit,
597 798 618 832 et
626 790 693 832 ardet.

68 864 126 906 irritu
135 862 206 906 teliaci
216 862 301 917 quoties
310 862 369 904 dedit
378 863 451 904 oscula
462 862 528 905 fonti!

20 978 21 981 ,
69 938 90 979 lu
101 937 179 980 medias
189 935 284 991 quoties,
296 935 365 978 visum
375 937 483 992 captantia
493 937 586 989 collum,

67 1013 151 1056 Brachia
160 1012 237 1054 mersit
246 1025 325 1066 aquus,
335 1025 373 1053 uec
383 1026 404 1054 se
414 1013 526 1068 deprendit
535 1014 558 1055 iu
567 1014 619 1056 iilis!

67 1087 120 1144 Quid
130 1086 212 1136 videat,
222 1084 300 1136 uescit;
310 1086 357 1133 sed.
367 1086 427 1140 quod
438 1085 503 1129 videt.
514 1086 585 1128 uritur
594 1087 644 1129 illo:

67 1161 133 1217 Atque
143 1158 219 1201 oculos
228 1158 298 1206 idem,
308 1157 346 1212 qui
356 1157 446 1213 decipit,
456 1158 532 1200 incitat
540 1172 606 1200 error.

20 1290 21 1293 Ἴ
66 1233 166 1285 credule,
176 1231 230 1288 quid
240 1231 321 1274 frustra
330 1230 447 1274 simulacra
456 1230 541 1287 fugacia
551 1237 636 1287 captas!

20 1296 21 1315 ³
66 1310 128 1367 Quod
136 1307 205 1364 petis,
215 1317 248 1349 est
257 1320 377 1361 nusquam:
387 1307 446 1362 quod
456 1319 528 1355 amas,
538 1315 643 1356 avertere,
652 1306 734 1362 perdes.

68 1384 108 1426 ista
118 1395 260 1438 repercussu,
269 1394 337 1436 quam
347 1380 427 1430 cernis,
436 1379 537 1435 imaginis
546 1380 625 1421 umbra
635 1390 674 1424 est.

67 1456 101 1498 Nil
111 1456 179 1499 hebet
188 1455 230 1497 ista
239 1454 285 1502 sui,
295 1463 410 1509 tecumque
421 1453 521 1509 venitque
530 1463 659 1511 manetque:

66 1529 147 1572 'secum
156 1528 267 1577 discedat,
276 1526 294 1568 si
304 1536 328 1569 tu
337 1526 445 1568 discedere
453 1526 527 1581 possis.

66 1605 115 1647 Nun
125 1603 192 1647 illum
201 1602 295 1653 cereris,
305 1615 350 1644 non
359 1602 422 1644 illum
432 1615 484 1643 cura
493 1601 571 1656 quietis

64 1677 196 1721 Abstrahere
205 1675 256 1717 inde
265 1683 348 1731 potest:
358 1674 395 1715 sed
403 1687 470 1729 opaca
480 1673 542 1716 fusus
551 1674 575 1717 in
583 1674 651 1720 herba

64 1753 152 1809 Spectat
161 1749 272 1807 inexpleto
282 1750 409 1792 mendacem
418 1749 502 1792 lumine
512 1749 620 1794 formam:

63 1827 147 1883 Perque
157 1824 236 1869 oculos
245 1823 301 1880 perit
309 1822 354 1879 ipse
363 1836 425 1874 su0s;
434 1823 569 1880 paulumque
578 1825 671 1877 levatus,

61 1900 93 1941 ud
102 1899 274 1942 circumstantes
284 1896 373 1938 tendens
383 1908 422 1938 sua
432 1896 520 1938 brachia
529 1897 604 1949 silvas,

63 1988 74 2010 ι
81 1972 174 2028 Ecquis,
184 1970 206 2013 io
215 1969 284 2020 silvae,
294 1968 414 2020 crudelius,
424 1968 505 2024 inquit,
515 1969 609 2012 amarit!

61 2046 125 2089 Scitis
134 2045 211 2096 enim,
221 2053 244 2087 et
253 2042 329 2086 multis
338 2041 422 2086 latebre
430 2053 553 2100 opportuna
562 2042 640 2085 fuistis.

20 2126 21 2133 ¹
60 2118 175 2175 Ecquem,
184 2130 257 2174 quum
266 2124 341 2158 vestre
350 2124 382 2158 tot
390 2125 483 2171 agantur
491 2114 563 2157 secuis
572 2114 630 2165 vitae.

61 2192 105 2251 Qui
113 2193 148 2237 sic
159 2190 269 2242 tabuerit,
278 2187 343 2247 longo
353 2187 482 2232 meministis
491 2187 515 2230 iu
524 2190 581 2229 aevot
627 2171 638 2193 ¹
