1667 2592
127 197 153 225 22
278 179 608 223 METAMoarnosEott
681 192 702 220 v.
717 180 785 237 390.

124 272 177 313 lude
186 270 332 313 Promethides
341 268 430 325 placidis
441 267 576 324 Epimethida
584 266 647 310 dietis

125 343 215 393 liutem
225 353 259 391 et,
269 360 280 382 «
288 348 329 385 lut
339 341 415 393 fallax,
426 342 467 387 ait.
476 351 508 383 est
516 339 602 383 solertia
612 339 687 391 nobis3

125 421 167 459 Aut
176 412 211 473 iria
221 427 282 467 sunt,
292 417 421 472 nullumque
430 415 491 457 netas
500 414 587 458 oracula
596 415 697 458 suadent.

124 493 202 546 Magna
211 504 287 546 parens
297 501 354 533 terra
363 501 407 532 est:
417 490 499 546 lapides
508 489 530 530 in
541 502 630 544 corpore
639 498 703 531 terrae

125 568 176 608 Ossa
186 579 233 607 reor
242 565 284 607 dici
292 579 296 603 :
304 566 377 621 jacere
385 565 426 607 hes
435 574 484 620 pust
493 574 550 620 terga
557 563 691 620 jubemur.»

152 637 255 694 Conjugis
264 639 355 693 augurio
363 652 498 694 quamquam
508 636 591 679 Titania
601 645 660 679 mota
671 647 719 690 θεῖς

125 714 176 768 Spes
186 723 258 755 tamen
268 712 292 757 in
301 712 369 755 dubio
378 722 423 754 est:
433 712 487 754 adeo
496 710 616 754 eoelesu'bus
626 712 694 753 ambo

62 814 68 825 i
123 784 231 828 Diffidunt
240 785 339 827 monitis!
349 786 390 827 Sed
398 784 451 840 quid
461 794 543 827 tentare
552 783 650 825 nocebitt

123 858 249 907 uiscerum
260 857 373 912 velantque
382 867 459 913 caput,
470 857 596 911 tunicasque
607 856 740 912 recingunu

124 934 149 975 Et
154 931 227 988 jussos
237 931 317 987 lapides
326 945 365 973 sua
374 942 423 987 post
432 930 519 985 vestigia
529 930 626 973 mittunt.

123 1008 177 1048 Sara
187 1006 248 1062 (quis
258 1006 299 1047 hoc
308 1006 392 1056 credat,
402 1005 443 1047 nisi
452 1005 479 1047 sit
488 1018 528 1060 pro
537 1015 590 1048 teste
599 1008 723 1063 vetustast)

85 1099 90 1105 ·
123 1083 204 1123 Ponere
213 1079 316 1123 duritiem
325 1094 418 1136 coepere,
428 1093 537 1135 suumque
548 1080 653 1135 rigorem,

124 1155 245 1211 Mollirique
255 1168 328 1206 mora,
338 1155 465 1210 mollitaque
474 1156 552 1198 ducere
562 1154 665 1198 formam.

124 1229 185 1279 Mox,
195 1228 366 1279 ablueremur,
377 1238 498 1283 naturaque
509 1228 582 1271 mitior
591 1227 633 1270 illis

121 1304 226 1360 Contigit,
237 1313 262 1346 ut
270 1304 369 1359 quadarn
376 1337 382 1354 ,
390 1303 421 1345 ric
430 1317 474 1346 nou
484 1302 609 1354 manifesta,
618 1303 686 1346 rideri

124 1378 202 1419 Forma
211 1386 281 1433 potest
290 1376 396 1423 homiuis;
406 1377 444 1418 sed
454 1376 486 1419 uti
496 1377 523 1418 de
532 1388 642 1418 marmore
652 1390 727 1433 coepto

124 1451 174 1493 Non
183 1460 258 1494 exacta
267 1451 329 1501 satis.
339 1450 472 1506 rudibusque
482 1450 593 1492 simillima
602 1450 675 1506 signis.

123 1526 175 1581 Quae
185 1534 257 1567 tamen
267 1538 292 1567 er
302 1524 343 1567 illis
353 1524 426 1580 aliquo
436 1538 486 1580 pars
494 1525 585 1567 humida
594 1538 671 1577 succo,

122 1600 148 1640 Et
158 1608 242 1640 terrena
252 1597 306 1648 fuit,
316 1611 375 1640 verra
385 1596 448 1640 estin
458 1598 553 1653 eorporis
564 1612 636 1641 usum.

123 1671 186 1729 Quod
196 1669 291 1711 solidum
301 1680 344 1718 est,
354 1669 453 1725 flectique
462 1670 548 1725 nequit.
558 1681 657 1714 mutatur
667 1671 690 1714 in
700 1688 753 1718 orsa
765 1696 770 1719 :

123 1744 187 1802 Quod
197 1745 263 1786 modo
272 1758 326 1786 vena
336 1743 388 1794 luit,
398 1745 439 1786 sub
449 1745 525 1786 eodem
534 1745 623 1787 nomine
633 1747 724 1790 mansit.

124 1821 192 1874 Inque
201 1819 260 1861 brevi
269 1819 349 1875 spatio,
360 1821 493 1875 Superorum
503 1820 605 1869 numine,
614 1834 665 1863 sara

125 1893 189 1935 Missa
199 1892 237 1934 riri
247 1893 349 1935 manibus
359 1892 436 1935 faciem
448 1903 528 1936 traxere
537 1893 634 1936 virilem:

124 1969 150 2010 Et
158 1968 185 2009 de
195 1966 289 2010 femineo
299 1978 396 2023 reparata
405 1977 438 2010 est
446 1967 528 2010 femina
534 1966 603 2022 jactu.

123 2041 176 2083 Inde
186 2055 253 2096 genus
262 2042 344 2083 durum
353 2054 441 2091 sumus,
452 2039 604 2096 experiensque
612 2039 718 2090 laborum
728 2061 734 2084 ;

122 2115 147 2156 Et
156 2115 287 2159 documenta
296 2115 386 2165 damus,
395 2127 439 2170 qua
447 2113 516 2157 simus
525 2113 607 2169 origiue
617 2113 671 2156 uati.
