1667 2592
130 189 158 230 66
282 189 608 233 Muutuonunosnou
682 205 765 245 u.710.

131 277 270 331 Despectnbnt
278 277 384 328 humum,
394 278 489 333 cultique
498 279 586 320 arbusta
594 277 663 334 Lycei.

130 348 170 391 Illa
179 348 234 392 forte
243 350 277 392 dic
286 360 348 393 cnstae
356 351 383 392 de
393 364 453 393 mure
461 350 548 405 puellae,

130 422 215 465 Vertice
224 424 345 480 supposito,
355 424 419 467 festas
428 425 453 466 in
459 424 548 466 Palladis
555 437 616 466 arces

130 498 187 539 Pum
195 499 301 541 coronatis
310 500 426 555 portabant
434 512 494 541 sucta
501 498 605 541 canistris.

131 570 183 611 lude
194 580 320 614 revertentes
330 574 384 613 uem
393 571 483 626 adspicit
491 570 534 613 ales
542 587 547 612 ε
556 571 639 626 iterque

131 643 182 684 Non
190 642 234 699 agit
242 644 265 685 in
274 653 368 695 rectum,
378 644 446 686 sedin
456 645 530 686 orbem
540 653 615 686 curvat
623 645 727 688 eundem.

131 715 159 758 llt
168 714 259 758 volucris
268 716 316 759 visis
326 716 459 773 cupidissima
469 716 548 759 miluus
557 717 620 767 extis.

130 787 188 829 Dum
199 787 270 839 timet,
280 798 302 831 et
310 789 370 832 densi
380 789 521 831 circumstant
530 802 589 831 sacra
600 789 707 843 ministri,

129 858 232 902 Flectitur
241 860 264 903 in
272 874 360 918 gyrum
370 875 409 903 nec
420 861 503 916 longius
512 862 576 903 audet
585 862 656 912 abire;

130 933 237 987 Spemque
248 946 310 975 suam
320 933 385 976 motis
394 934 469 976 aridus
478 934 619 977 circumvolat
627 935 678 978 ulis:

129 1006 164 1047 Sic
173 1019 237 1061 super
245 1008 323 1049 Actaens
332 1007 392 1062 agilis
401 1007 508 1064 Cyllenius
516 1022 575 1052 arces

128 1077 221 1121 inclinat
229 1092 315 1129 cursus,
325 1089 346 1122 et
355 1081 441 1122 eusdem
450 1080 538 1123 circinat
547 1094 616 1124 nutas.

129 1152 216 1209 Quanto
225 1151 366 1207 splendidior,
376 1167 442 1208 quam
452 1162 521 1196 cetera
529 1153 609 1204 sideru,
619 1153 688 1211 fulget

129 1223 224 1277 Lucum
234 1234 255 1267 et
264 1234 345 1280 quanto
355 1236 386 1275 te,
397 1226 491 1275 lucifer.
501 1240 566 1269 aures
575 1227 662 1280 Phoebe;

129 1298 200 1340 Tanto
209 1297 326 1354 virginibus
334 1299 469 1354 prestantior
477 1300 579 1342 omnibus
590 1301 653 1342 llcrse

129 1370 190 1412 ibat:
201 1381 289 1426 eratque
299 1373 363 1413 decus
373 1385 469 1427 pompae,
479 1372 628 1427 comitumque
638 1387 739 1418 suarum.

129 1444 246 1500 Obstupuit
256 1444 326 1487 forma
334 1447 385 1488 love
394 1434 470 1488 natus:
480 1456 501 1489 et
510 1447 587 1489 ethere
596 1448 692 1502 pendens

129 1519 180 1559 Non
189 1531 249 1560 secus
258 1518 346 1568 exarsit,
356 1532 423 1574 quam
432 1530 501 1574 quum
511 1518 615 1561 Balearica
624 1520 745 1576 plumbum

130 1590 205 1632 Funde
211 1590 271 1645 jacit
283 1590 345 1633 Vulnt
354 1590 418 1641 illud,
430 1602 451 1633 et
460 1591 590 1634 incandescit
600 1594 686 1644 eundo,

129 1664 166 1712 Et,
176 1674 230 1718 quos
239 1675 283 1719 non
292 1662 380 1714 habuit,
389 1664 434 1706 suh
440 1664 535 1706 nubibus
544 1665 624 1708 invenit
633 1665 700 1722 ignes.

131 1734 201 1776 Vertit
209 1733 259 1784 iter;
269 1735 364 1790 coeluque
374 1736 428 1791 petit
437 1736 518 1778 diversa
528 1735 614 1778 relicto:

109 1792 113 1800 ’
131 1808 176 1849 Nec
185 1819 207 1847 se
217 1806 348 1849 dissimulat:
360 1817 418 1850 tants
428 1818 460 1851 est
470 1809 546 1851 fidncia
557 1808 640 1851 formai.

130 1880 182 1936 Qun
191 1892 325 1935 quamquam
331 1879 392 1935 justu
400 1891 443 1931 est,
452 1895 504 1923 cum
514 1891 586 1924 tumen
596 1881 686 1937 adjuvat
695 1882 769 1935 illam,

130 1951 293 2006 Permulcetque
302 1966 385 2004 comas,
396 1953 587 2010 chlamydemque,
596 1965 622 1996 ut
630 1956 725 2010 pendeat
733 1965 784 2012 spte

129 2022 237 2066 collocat:
247 2033 272 2066 ut
283 2024 375 2075 limbus,
386 2035 501 2080 totumque
510 2027 612 2081 adpareat
621 2040 716 2071 nurum:

131 2099 159 2139 llt
170 2108 223 2139 teres
232 2097 255 2138 in
263 2098 349 2148 dextra,
358 2111 401 2152 qua
411 2113 498 2141 somnus
509 2099 569 2142 ducit
579 2108 602 2141 et
610 2111 681 2154 arcet,

131 2169 196 2225 Virga
204 2169 244 2213 rit:
254 2177 280 2213 ut
288 2169 348 2214 tersis
357 2169 440 2213 niteant
448 2170 522 2215 minsis
531 2170 616 2228 plantis.
