1667 2592
101 187 140 228 ιω
252 185 581 229 iruriuorrnossou
651 186 738 238 y.607.

98 276 169 331 Usque
178 276 218 318 sub
228 277 390 323 Orchomenon.
400 274 558 330 Psophidaque,
568 271 726 329 Cyllenenque,

100 349 250 405 Maenaliosque
259 351 330 399 sinus,
340 349 478 404 gelidumque
488 347 641 399 Erimuuthou,
652 356 674 389 et
683 347 731 391 Elin

99 424 190 465 Currere
199 424 291 465 sustinui
300 440 305 464 :
315 436 354 464 nec
365 435 399 464 me
408 421 502 463 velocior
510 420 552 462 ilie.

100 497 141 538 Sed
151 494 241 539 tolerare
250 496 288 537 diu
298 509 374 538 cursus
383 508 434 549 ego,
443 494 524 536 viribus
533 494 618 549 impar,

101 573 150 613 Non
161 582 258 627 poteram
267 588 272 613 ε
282 571 339 626 longi
349 570 433 625 patiens
442 578 488 611 erut
497 569 532 610 ilie
541 568 627 611 iuberis.

100 645 139 685 Per
150 653 222 686 tamen
231 652 253 685 et
262 656 360 698 campos,
370 656 409 697 per
417 650 503 697 opertos
512 642 589 683 arbore
598 650 698 690 montes,

101 717 155 758 Saxa
163 730 250 772 quoque
259 726 281 759 et
290 730 365 772 rupes,
374 726 448 770 etqua
457 715 491 756 viu
500 712 571 765 nullu,
580 715 676 756 cucurri.

101 790 137 832 Sol
146 800 192 833 erut
201 806 214 834 u
224 800 296 846 tergo:
308 791 350 832 vidi
360 790 478 846 praecedere
487 788 574 844 longum

101 868 155 907 Ante
164 866 227 920 pedes
237 866 351 913 umbram,
361 863 427 906 nisisi
437 863 504 905 timor
512 862 547 905 iliu
557 863 650 905 videbar„

102 939 142 980 Sed
152 947 209 980 certe
217 938 333 993 sonituque
342 938 423 992 pedum
433 937 539 986 terrebar,
549 945 570 977 et
579 935 655 991 ingens

101 1010 197 1054 Criuules
207 1010 270 1053 virus
278 1011 374 1052 adflabat
383 1009 491 1051 anhelitus
501 1009 550 1050 oris.

102 1084 164 1125 Fessa
173 1081 246 1123 labore
256 1081 323 1137 inqu,
332 1083 372 1124 Per
380 1094 455 1136 opem.
467 1080 633 1135 deprendimur,
642 1080 749 1136 iuquam,

102 1157 228 1212 Armigerae,
238 1157 353 1213 Dictynna,
363 1165 418 1198 tuae:
428 1156 464 1198 cui
472 1169 527 1211 saepe
536 1155 613 1198 dedisti

102 1233 165 1274 Ferre
175 1239 306 1280 mosamius,
318 1229 444 1285 inclusaque
454 1229 494 1271 teia
505 1229 612 1285 pharetra.

134 1321 146 1342 «ι
153 1306 210 1346 uota
220 1306 261 1346 Dea
271 1313 313 1352 est,
323 1303 437 1359 spissisque
447 1301 518 1345 ferens
527 1317 539 1344 e
548 1303 644 1345 nubibus
655 1317 727 1346 uuum

104 1381 139 1422 ule
148 1392 213 1433 super
221 1378 295 1434 injecit
303 1394 308 1419 :
318 1379 395 1420 lustrat
404 1377 494 1433 caligine
505 1387 584 1420 tectim

105 1453 191 1503 Amnis,
200 1463 221 1495 er
231 1452 318 1508 ignarus
327 1452 410 1494 circum
420 1465 471 1499 cava
481 1451 555 1493 nubila
564 1451 646 1507 qurerit.

105 1526 181 1581 Bisque
191 1525 275 1574 iocum.
285 1539 329 1580 quo
340 1539 376 1567 me
385 1529 427 1567 Dea
438 1535 528 1575 rexerat,
540 1525 620 1567 inscius
632 1525 717 1569 ambit:

106 1602 132 1643 Et
141 1599 185 1647 bis.
196 1601 218 1639 10
227 1599 342 1648 Arethusa,
353 1603 375 1641 lo
385 1599 499 1649 Arethusa,
510 1600 598 1642 vocavit.

106 1674 163 1730 Quid
174 1672 228 1714 mihi
239 1683 290 1716 tuuc
298 1674 367 1715 animi
374 1675 459 1716 miserie
469 1674 524 1717 fuir?
533 1688 589 1716 auur
598 1675 658 1730 quod
665 1688 729 1731 agua*
738 1685 778 1731 est,

107 1749 129 1790 Si
138 1760 181 1802 qua
190 1746 252 1801 lupos
261 1747 323 1788 audit
332 1747 415 1789 circum
425 1747 509 1790 stabula
519 1748 561 1790 altu
572 1747 705 1791 frementes!

107 1821 150 1862 Aut
159 1818 238 1873 lepori,
248 1818 286 1872 qui
295 1831 358 1874 vepre
367 1818 435 1861 lateus
445 1819 530 1862 hostilia
539 1819 608 1862 cernit

108 1896 150 1935 Ora
160 1904 252 1941 cunum,
261 1890 375 1947 nullosque
384 1892 450 1935 audet
458 1893 509 1934 dare
519 1906 608 1948 corpore
617 1900 706 1936 motus!

108 1970 158 2010 Nou
169 1958 241 2009 [quien
251 1968 356 2017 abscedit;
366 1968 504 2022 nequeenim
515 1968 600 2023 vestigia
611 1970 681 2013 cernit

109 2041 202 2095 Longius
211 2040 242 2080 ire
251 2042 330 2094 pedum
340 2056 344 2080 :
354 2049 425 2081 servat
434 2041 557 2095 nubemque
567 2040 692 2099 iocumque.

111 2117 206 2173 Occupat
215 2115 311 2155 obsessos
320 2116 387 2155 sudor
396 2114 450 2156 mihi
460 2113 550 2169 frigidus
560 2125 630 2166 urrus;

109 2187 251 2242 Caeruleoeque
259 2187 340 2230 eadunt
349 2196 394 2230 toto
403 2189 430 2230 de
439 2201 528 2243 corpore
538 2198 610 2244 guum.
