1667 2592
82 222 102 250 v.
118 210 166 262 154.
321 205 422 247 LIBER
439 204 483 245 lX.

83 296 180 345 Mittere,
190 307 238 351 qua
247 293 303 336 vires
312 291 396 335 defecto
406 291 482 333 reddat
491 288 568 332 amori.

83 373 206 426 Ignaroque
215 367 295 417 Lichre,
304 365 357 422 quid
367 365 438 408 tradat
447 362 529 412 nescia,
538 361 610 403 luctus

83 447 133 501 Ipsa
142 457 193 486 suos
203 443 279 493 tradit3
290 440 416 496 blandisque
427 438 549 481 miserrima
558 434 639 484 verbis,

86 519 148 560 Dona
157 506 194 559 det
203 516 239 558 illa
248 515 308 566 viro,
318 513 414 555 mandat.
424 510 486 566 Capit
495 509 575 551 inscius
584 507 659 556 heros,

86 591 231 645 luduiturque
241 587 338 630 humeris
347 589 437 628 Lernaea
446 584 505 625 virus
514 582 620 624 Echidna.

86 667 145 708 Tura
155 665 221 706 dabat
231 662 317 719 primis,
327 645 422 703 etverba
432 657 553 713 precantia,
562 653 668 704 flammis,

87 738 187 793 Vinaque
198 748 329 778 marmoreas
340 741 412 789 patera
422 730 530 772 tundebat
539 728 561 768 in
571 740 625 768 aras.

87 810 182 855 Incaluit
190 809 221 851 vis
230 807 267 851 illa
277 806 339 857 mali;
351 804 486 858 resolutaque
496 800 592 844 flammis

88 883 203 928 Herculeos
212 882 277 933 abiit,
287 880 329 923 late
339 878 432 928 diffusa,
442 888 480 932 per
489 885 556 917 artus.

88 963 146 1004 num
156 959 238 1016 potuit,
247 956 312 999 solita
319 953 426 1011 gemitum
435 950 514 993 virtute
524 945 633 1003 repressit:

68 1028 70 1033 ’
89 1035 154 1078 Victa
163 1031 226 1074 malis
235 1041 351 1087 postquam
360 1024 476 1083 patientia,
487 1021 566 1078 repulit
576 1033 634 1070 aras,

17 1149 20 1155 ,
91 1106 233 1164 Implevitque
242 1103 287 1146 suis
296 1113 439 1145 nemorosum
447 1097 538 1140 vocibus
546 1096 621 1136 OEteu.

91 1184 137 1224 Nec
148 1192 220 1228 mora;
229 1176 335 1219 letiferam
345 1182 438 1215 conatur
446 1169 543 1212 scindere
552 1175 644 1208 restem:
693 1160 695 1167 ⁴

93 1258 141 1314 Qua
151 1253 256 1300 trahitur,
265 1249 331 1292 trahit
339 1247 376 1289 illa
384 1255 469 1295 cutem;
480 1242 606 1295 foedumque
616 1238 696 1289 relatu,

94 1333 136 1374 dut
146 1329 211 1370 haret
221 1322 326 1367 membris
335 1320 416 1362 frustra
426 1323 508 1359 tentata
518 1312 599 1364 revelli3

94 1407 138 1448 Aut
147 1401 228 1444 laceros
237 1408 308 1447 artus,
318 1404 340 1438 et
348 1391 437 1450 grandia
446 1388 525 1443 detegit
534 1400 588 1429 ossa.

94 1482 143 1535 Ipse
152 1488 228 1526 eruor,
238 1472 307 1529 gelido
317 1483 357 1511 eeu
366 1465 477 1522 quondam
488 1461 570 1503 lamina
579 1459 673 1501 caudens

96 1554 173 1597 Tincta
182 1551 242 1599 lacu,
252 1545 334 1593 stridit,
344 1541 488 1598 coquiturque
497 1537 585 1579 ardente
595 1546 684 1575 veneno.

96 1631 142 1673 Ner
152 1625 231 1667 modus
240 1632 284 1664 est:
295 1619 383 1662 sorbent
392 1615 459 1657 avide
468 1611 586 1668 praecordia
595 1607 700 1657 flamma,

97 1698 248 1752 Caeruleusque
259 1693 308 1737 liuit
317 1701 363 1735 toto
372 1690 399 1732 de
408 1699 498 1744 corpore
507 1686 585 1733 sudor,

98 1772 242 1826 Ambustique
250 1776 329 1811 sonant
337 1763 407 1814 nervi;
417 1773 515 1816 ooeeaque
524 1756 624 1801 medullis

99 1852 158 1894 Tabe
167 1844 299 1902 liquefactis,
310 1841 399 1885 tendens
407 1838 436 1880 ad
444 1836 514 1879 sidere
522 1834 617 1890 palmas,

100 1943 113 1964 a
119 1921 232 1968 Cladibus,
242 1917 358 1964 exclamat,
368 1910 480 1960 Saturnia,
489 1918 575 1963 pascere
583 1901 673 1945 nostris:

100 2003 199 2044 nascere,
209 2002 231 2035 et
240 1992 296 2032 lianc
304 1997 387 2044 pestem
396 1993 479 2040 specta,
489 1976 593 2026 crudelis,
602 1976 630 2018 ab
639 1974 695 2026 aito;

101 2077 186 2127 Corque
196 2067 268 2110 lerum
278 2064 338 2107 satia.
348 2060 387 2103 Vel
396 2060 413 2101 si
423 2053 558 2100 miserandus
567 2061 589 2094 et
598 2049 666 2099 hosti,

102 2145 173 2191 nostis
183 2140 241 2184 enim
252 2137 291 2181 tibi
300 2149 361 2185 sum,
371 2133 423 2176 diris
432 2127 563 2173 cruciatibus
571 2137 662 2180 aegram,

103 2220 241 2272 invisamque
250 2211 358 2261 animem,
368 2216 487 2259 natamque
497 2199 618 2251 laboribus,
626 2195 696 2240 aufer.
