1667 2592
95 212 137 241 ara
251 195 582 240 METAMORPHOSEON
656 209 678 240 v.
691 197 742 254 391.

97 286 195 329 Tandem
204 285 293 342 vipereis
302 284 401 342 Ephyren
409 284 509 327 Pirenida
517 284 594 341 pennis

96 359 198 416 Contigit.
208 361 245 402 llic
255 372 299 402 evo
308 368 390 401 veteres
398 357 502 401 mortalia
510 357 583 414 primo

97 434 193 490 corpora
202 431 320 489 vulgarunt
328 429 459 489 pluvialibus
469 431 526 474 edita
535 429 615 488 iungis.

129 581 175 623 Vll.
187 582 228 623 San
237 589 353 636 postquam
362 578 447 624 Colchis
456 579 508 623 arsit
517 592 574 623 nora
582 588 654 636 nupta
662 580 766 633 venenis,

100 652 280 710 Flagrantemque
288 652 380 694 domum
391 651 446 708 regis
456 664 516 694 mare
524 650 578 695 vidit
588 661 724 710 utrumque,

100 727 209 783 Sanguine
218 736 321 770 natorum
331 725 471 783 perfunditur
480 725 561 783 impius
570 727 641 769 ensis:

101 800 193 856 Ultaque
202 814 224 842 se
234 800 291 843 male
300 810 377 851 mater,
386 801 468 844 Iasonis
477 800 556 857 effugit
564 814 635 844 arma.

102 875 157 917 llinc
166 873 281 917 Titaniacis
290 874 362 918 ablata
371 874 514 926 draconibus,
523 874 590 917 intrat

102 947 207 991 Palladias
216 961 276 991 arces
284 961 289 987 ε
297 962 346 1004 quae
356 958 387 1000 te,
393 947 515 1004 justissima
524 948 598 1000 Phini,

103 1022 187 1076 Teque,
196 1033 260 1062 senex
269 1019 369 1076 Peripha,
379 1020 460 1076 pariter
468 1021 540 1064 videre
549 1020 659 1075 volantes,

103 1093 246 1148 lnniramque
256 1093 317 1135 novis
326 1102 414 1150 neptem
423 1094 574 1152 Polypemonis
582 1093 629 1136 alis.

104 1166 187 1223 Excipit
196 1166 252 1208 banc
262 1169 348 1222 Egens,
359 1165 417 1209 iacto
426 1167 565 1211 damnandus
573 1167 596 1209 in
607 1181 668 1211 uno:

105 1243 150 1283 Nec
160 1240 211 1282 satis
219 1240 339 1297 hospitium
349 1249 392 1292 est,
403 1240 494 1284 thalami
504 1254 591 1298 quoque
601 1240 684 1286 fodere
690 1242 777 1304 jungit

106 1316 198 1369 Jamque
207 1313 281 1356 aderat
290 1313 394 1361 Theseus,
404 1313 476 1369 proles
485 1313 559 1369 ignara
568 1315 667 1370 parenti3

106 1388 149 1448 Qui
158 1387 236 1431 virtute
245 1402 285 1430 sua
294 1387 401 1430 bimarem
410 1397 524 1443 pacaverat
533 1388 640 1432 Isthmon.

107 1463 177 1519 liujus
186 1463 208 1505 in
217 1463 308 1506 exitium
318 1463 395 1506 miscet
404 1464 489 1513 Medea,
499 1464 558 1519 quod
567 1464 622 1506 olim

107 1536 214 1580 Attulerat
222 1549 296 1578 seeum
306 1536 410 1593 Scythicis
418 1537 520 1580 aconiton
530 1537 558 1579 ab
567 1538 617 1579 oris.

107 1608 164 1652 lllud
173 1609 284 1651 Echidncre
294 1620 418 1653 memorant
427 1624 439 1652 e
448 1610 550 1654 dentibus
559 1621 636 1654 ortum

109 1687 158 1728 Esse
167 1683 233 1726 canis.
243 1686 322 1739 Specus
330 1695 363 1728 est
372 1686 487 1729 tenebroso
495 1700 563 1729 cecus
572 1686 647 1741 hiatu,

109 1762 146 1804 Eat
154 1758 188 1802 via
198 1758 295 1809 declivis,
305 1773 343 1815 per
351 1772 419 1815 quam
428 1761 553 1818 Tirynthius
563 1760 626 1804 heros

110 1835 245 1881 Resmntem,
255 1841 374 1888 contraque
382 1832 441 1875 diem
452 1833 565 1888 radiosque
575 1833 683 1880 micantes

109 1906 262 1961 Obliquantcm
271 1903 358 1957 oculos,
367 1906 428 1949 nexis
437 1906 553 1950 adamante
561 1907 655 1962 catenis,

110 1981 217 2026 Cerberon
227 1979 344 2023 abstraxit:
354 1980 430 2023 rabida
439 1981 477 2036 qui
486 1982 584 2024 concitus
593 1981 626 2025 ira

109 2052 210 2109 implevit
218 2052 298 2108 pariter
307 2053 372 2097 ternis
381 2052 496 2097 latratibus
505 2068 581 2105 auras,

111 2128 138 2170 Et
146 2125 224 2182 sparsit
233 2125 309 2169 virides
317 2126 401 2183 spumis
409 2125 533 2171 albentibus
541 2141 612 2185 agros.

111 2199 154 2241 llas
163 2211 272 2242 concresse
281 2208 370 2256 putantt
379 2209 497 2257 nactasque
507 2199 611 2245 alimenta
621 2198 701 2248 feracis
