1667 2592
119 218 146 261 φ
273 204 604 249 nurtuouruosuorr
674 210 759 264 eus.

116 298 144 339 Et
151 294 231 351 piacet,
241 305 262 337 et
271 295 332 337 video
342 309 346 335 :
356 295 393 338 sed
401 296 461 351 qnod
471 295 587 351 videoque,
597 295 725 353 placetque,

116 368 167 409 Non
177 376 249 409 tumen
260 366 358 408 invenio:
369 377 442 413 tentus
453 378 511 411 tenet
520 381 581 410 error
588 372 713 412 amantem!

116 441 207 499 Quoque
218 440 286 496 magis
295 440 392 489 doleam,
402 453 442 482 nec
452 453 491 482 nos
501 453 560 482 mare
570 453 655 497 soporat
664 443 754 500 ingens,

116 518 162 559 Nec
172 515 217 566 via,
227 528 266 557 nec
276 524 372 562 montes.
382 527 422 555 neo
431 512 510 556 clausis
519 515 599 557 moenia
608 516 691 572 portis:

115 590 196 644 Exigua
206 587 349 644 prohibemur
357 599 422 641 uque.
432 585 497 641 eupit
505 586 550 642 ipse
560 587 641 630 teneri:

115 664 174 705 Nam
183 661 268 717 quoties
277 660 363 716 liquidis
372 658 508 715 porreximus
517 660 591 703 osenia
599 661 707 718 lymphis,

115 735 154 779 uie
164 735 226 778 toties
234 736 262 777 nd
271 748 307 776 me
317 733 418 789 resupino
428 733 505 776 nititur
513 747 558 776 ore.

114 812 177 853 Posse
184 821 247 866 putes
254 808 320 865 tangi.
329 808 446 850 Minimum
453 817 497 858 est,
504 809 564 863 quod
571 809 697 853 amantibus
704 812 787 855 obstat.

114 885 216 943 Quisquis
226 898 259 934 es,
269 884 312 926 huc
321 883 362 925 exi.
371 882 429 939 Quid
438 896 485 933 me,
495 897 550 939 puer
560 884 634 934 unice,
645 884 714 928 fattist

114 958 189 1013 Quove
199 956 278 1012 petitus
287 955 345 998 abis?
355 965 411 998 certe
421 954 553 1008 neomenia,
563 970 603 999 nee
611 967 662 1000 etas

113 1032 151 1074 Est
158 1044 218 1079 mea,
225 1043 292 1086 quam
301 1028 381 1084 fugiam
390 1039 411 1071 et
418 1040 522 1071 amarunt
530 1044 564 1073 me
572 1045 658 1086 qnoque
666 1032 786 1089 Nympha.

112 1105 178 1159 Spem
188 1101 255 1155 mihi,
264 1101 336 1144 nescio
345 1115 424 1157 qnam,
433 1101 496 1144 vultu
505 1102 613 1158 promittis
622 1102 709 1144 amieo:

113 1179 232 1235 Quumque
241 1190 280 1233 ego
289 1176 374 1232 porrexi
384 1176 423 1219 tibi
432 1176 532 1227 brachia,
542 1177 632 1234 porrigis
642 1177 715 1222 ultro:

113 1253 188 1309 Quum
198 1250 246 1302 risi,
255 1250 338 1293 adrides
347 1266 352 1291 ι
362 1249 469 1307 lacrymas
478 1264 565 1306 qnoque
573 1265 628 1308 stepe
637 1254 725 1303 notavi,

113 1327 148 1369 Me
157 1323 302 1381 lacrymante,
313 1334 366 1366 tuas.
377 1323 444 1366 Nictn
452 1337 539 1380 quoque
548 1324 609 1381 sigua
618 1327 724 1380 remittis;

112 1401 149 1450 Et,
160 1408 269 1455 quantum
279 1408 342 1440 motu
351 1397 442 1440 formosi
451 1398 549 1454 suspicor
557 1399 613 1451 oris,

112 1474 185 1517 Verba
195 1472 273 1523 refers,
282 1485 344 1513 eures
353 1484 398 1513 uon
407 1471 553 1527 pervenientia
562 1482 654 1515 nostras.

111 1550 138 1590 ln
147 1557 168 1590 te
177 1560 217 1602 ego
226 1560 288 1596 sum,
298 1545 365 1597 sensi;
374 1559 414 1588 nec
424 1560 460 1588 me
469 1559 517 1588 men
527 1545 582 1589 tattit
592 1547 673 1604 imago.
727 1580 729 1585 .

111 1622 167 1662 Uror
177 1631 252 1661 amore
261 1619 317 1661 mei:
328 1617 428 1660 flammas
438 1632 558 1673 moveoque
567 1618 664 1675 feroque.

110 1694 169 1752 Quid
178 1692 270 1735 faciant
280 1706 349 1748 roger,
358 1705 414 1734 anne
424 1698 510 1748 rogem?
519 1692 572 1747 quid
581 1693 659 1735 deiude
669 1695 767 1750 rogaboi

111 1769 175 1827 Quod
183 1767 259 1823 cupio,
270 1780 357 1809 mecum
366 1776 398 1810 est
406 1784 411 1808 ι
421 1766 509 1823 inopem
518 1780 554 1809 me
563 1767 625 1822 copia
634 1767 694 1811 fecit.

75 1872 78 1879 .
112 1838 237 1900 Oilutinam
246 1849 320 1882 nostro
329 1839 427 1882 secedere
436 1853 527 1895 corpore
535 1842 632 1894 possem!

112 1914 195 1957 Votum
201 1912 223 1954 in
229 1921 316 1955 amante
322 1925 403 1955 norum
409 1929 415 1962 ;
421 1912 569 1968 vellemquem
574 1926 683 1965 emamus,
690 1915 783 1959 abesset.

111 1988 203 2042 Jamque
213 1986 275 2029 dolor
284 1986 338 2028 vires
347 1985 438 2028 adimit:
448 1999 488 2028 uec
498 1996 596 2041 tempora
607 1986 655 2029 ritae

110 2061 183 2115 Longa
193 2067 368 2115 meaesuperan13
378 2058 494 2115 primoque
502 2057 626 2114 exstinguor
634 2059 658 2101 iu
667 2073 725 2114 aevo;

109 2136 155 2176 Neo
165 2133 219 2175 mihi
229 2146 288 2175 mors
297 2132 366 2189 gravis
373 2141 416 2181 est,
426 2132 523 2187 posituro
532 2140 602 2175 morte
611 2132 706 2177 dolores.

111 2206 160 2260 llic,
169 2203 207 2262 qui
217 2206 321 2263 diligitur,
329 2204 407 2251 vetlem
416 2205 542 2252 diuturnior
550 2206 616 2249 esset!
