<?xml version="1.0" encoding="UTF-8"?>
<!DOCTYPE html PUBLIC "-//W3C//DTD XHTML 1.0 Transitional//EN"
    "http://www.w3.org/TR/xhtml1/DTD/xhtml1-transitional.dtd">
<html xmlns="http://www.w3.org/1999/xhtml" xml:lang="en" lang="en">
 <head>
  <title>
</title>
<meta http-equiv="Content-Type" content="text/html;charset=utf-8" />
  <meta name='ocr-system' content='tesseract 3.04.00' />
  <meta name='ocr-capabilities' content='ocr_page ocr_carea ocr_par ocr_line ocrx_word'/>
</head>
<body>
  <div class='ocr_page' id='page_1' title='image "./opera00accugoog/opera00accugoog_0134.png"; bbox 0 0 1667 2592; ppageno 0'>
   <div class='ocr_carea' id='block_1_1' title="bbox 113 130 743 185">
    <p class='ocr_par' dir='ltr' id='par_1_1' title="bbox 113 130 743 185">
     <span class='ocr_line' id='line_1_1' title="bbox 113 130 743 185; baseline 0.002 -12"><span class='ocrx_word' id='word_1_1' title='bbox 113 132 153 185; x_wconf 68' lang='lat' dir='ltr'>nd</span> <span class='ocrx_word' id='word_1_2' title='bbox 261 130 590 175; x_wconf 71' lang='lat' dir='ltr'>Mutuuouenosuou</span> <span class='ocrx_word' id='word_1_3' title='bbox 661 144 681 175; x_wconf 80' lang='lat' dir='ltr'>r.</span> <span class='ocrx_word' id='word_1_4' title='bbox 694 136 743 176; x_wconf 78' lang='lat'>501.</span> 
     </span>
    </p>
   </div>
   <div class='ocr_carea' id='block_1_2' title="bbox 108 218 740 347">
    <p class='ocr_par' dir='ltr' id='par_1_2' title="bbox 108 218 740 347">
     <span class='ocr_line' id='line_1_2' title="bbox 108 218 616 274; baseline 0.004 -13"><span class='ocrx_word' id='word_1_5' title='bbox 108 222 236 274; x_wconf 83' lang='lat' dir='ltr'>Erroresque</span> <span class='ocrx_word' id='word_1_6' title='bbox 244 231 319 274; x_wconf 73' lang='lat' dir='ltr'>vagos,</span> <span class='ocrx_word' id='word_1_7' title='bbox 329 231 430 273; x_wconf 71' lang='lat' dir='ltr'>caecceque</span> <span class='ocrx_word' id='word_1_8' title='bbox 440 218 518 261; x_wconf 81' lang='lat' dir='ltr'>oblivia</span> <span class='ocrx_word' id='word_1_9' title='bbox 527 219 616 271; x_wconf 81' lang='lat' dir='ltr'>mentis,</span> 
     </span>
     <span class='ocr_line' id='line_1_3' title="bbox 108 289 740 347; baseline 0.002 -13"><span class='ocrx_word' id='word_1_10' title='bbox 108 294 133 334; x_wconf 87' lang='lat' dir='ltr'>Et</span> <span class='ocrx_word' id='word_1_11' title='bbox 141 291 220 340; x_wconf 79' lang='lat' dir='ltr'>scelus,</span> <span class='ocrx_word' id='word_1_12' title='bbox 229 300 251 333; x_wconf 92' lang='lat' dir='ltr'>et</span> <span class='ocrx_word' id='word_1_13' title='bbox 259 289 375 347; x_wconf 78' lang='lat' dir='ltr'>lacrymas,</span> <span class='ocrx_word' id='word_1_14' title='bbox 385 290 520 346; x_wconf 77' lang='lat' dir='ltr'>rabiemque,</span> <span class='ocrx_word' id='word_1_15' title='bbox 529 301 550 334; x_wconf 90' lang='lat' dir='ltr'>et</span> <span class='ocrx_word' id='word_1_16' title='bbox 559 292 620 335; x_wconf 73' lang='lat' dir='ltr'>caedis</span> <span class='ocrx_word' id='word_1_17' title='bbox 630 305 740 346; x_wconf 83' lang='lat' dir='ltr'>amorem;</span> 
     </span>
    </p>
   </div>
   <div class='ocr_carea' id='block_1_3' title="bbox 41 354 665 420">
    <p class='ocr_par' dir='ltr' id='par_1_3' title="bbox 41 354 665 420">
     <span class='ocr_line' id='line_1_4' title="bbox 41 354 665 420; baseline 0.005 -14"><span class='ocrx_word' id='word_1_18' title='bbox 41 354 45 363; x_wconf 66' lang='grc'><em>’</em></span> <span class='ocrx_word' id='word_1_19' title='bbox 108 365 186 407; x_wconf 89' lang='lat' dir='ltr'>Omnia</span> <span class='ocrx_word' id='word_1_20' title='bbox 195 365 245 407; x_wconf 86' lang='lat' dir='ltr'>tn&#39;ta</span> <span class='ocrx_word' id='word_1_21' title='bbox 252 364 330 406; x_wconf 85' lang='lat' dir='ltr'>simui:</span> <span class='ocrx_word' id='word_1_22' title='bbox 341 378 388 419; x_wconf 72' lang='lat' dir='ltr'>que</span> <span class='ocrx_word' id='word_1_23' title='bbox 397 365 501 420; x_wconf 75' lang='lat' dir='ltr'>sanguine</span> <span class='ocrx_word' id='word_1_24' title='bbox 511 365 577 408; x_wconf 81' lang='lat' dir='ltr'>mixta</span> <span class='ocrx_word' id='word_1_25' title='bbox 586 367 665 409; x_wconf 88' lang='lat' dir='ltr'>recenti</span> 
     </span>
    </p>
   </div>
   <div class='ocr_carea' id='block_1_4' title="bbox 92 438 749 2188">
    <p class='ocr_par' dir='ltr' id='par_1_4' title="bbox 107 438 564 488">
     <span class='ocr_line' id='line_1_5' title="bbox 107 438 564 488; baseline -0.007 -7"><span class='ocrx_word' id='word_1_26' title='bbox 107 440 196 481; x_wconf 86' lang='lat' dir='ltr'>Coxerat</span> <span class='ocrx_word' id='word_1_27' title='bbox 204 452 245 481; x_wconf 83' lang='lat' dir='ltr'>aere</span> <span class='ocrx_word' id='word_1_28' title='bbox 253 452 317 488; x_wconf 84' lang='lat' dir='ltr'>cavo,</span> <span class='ocrx_word' id='word_1_29' title='bbox 326 438 388 480; x_wconf 83' lang='lat' dir='ltr'>viridi</span> <span class='ocrx_word' id='word_1_30' title='bbox 397 448 479 481; x_wconf 75' lang='lat' dir='ltr'>versata</span> <span class='ocrx_word' id='word_1_31' title='bbox 488 439 564 482; x_wconf 86' lang='lat' dir='ltr'>cicuta.</span> 
     </span>
    </p>

    <p class='ocr_par' dir='ltr' id='par_1_5' title="bbox 105 511 616 567">
     <span class='ocr_line' id='line_1_6' title="bbox 105 511 616 567; baseline 0.004 -13"><span class='ocrx_word' id='word_1_32' title='bbox 105 513 205 567; x_wconf 87' lang='lat' dir='ltr'><strong>Dumque</strong></span> <span class='ocrx_word' id='word_1_33' title='bbox 214 522 292 567; x_wconf 84' lang='lat' dir='ltr'>pavent</span> <span class='ocrx_word' id='word_1_34' title='bbox 300 511 342 562; x_wconf 80' lang='lat' dir='ltr'>itti,</span> <span class='ocrx_word' id='word_1_35' title='bbox 352 512 414 554; x_wconf 83' lang='lat' dir='ltr'>vertit</span> <span class='ocrx_word' id='word_1_36' title='bbox 423 511 500 554; x_wconf 84' lang='lat' dir='ltr'>furiale</span> <span class='ocrx_word' id='word_1_37' title='bbox 509 526 616 556; x_wconf 81' lang='lat' dir='ltr'>venenum</span> 
     </span>
    </p>

    <p class='ocr_par' dir='ltr' id='par_1_6' title="bbox 105 585 684 642">
     <span class='ocr_line' id='line_1_7' title="bbox 105 585 684 642; baseline 0 -14"><span class='ocrx_word' id='word_1_38' title='bbox 105 588 179 629; x_wconf 79' lang='lat' dir='ltr'>Pectus</span> <span class='ocrx_word' id='word_1_39' title='bbox 189 586 211 627; x_wconf 92' lang='lat' dir='ltr'>in</span> <span class='ocrx_word' id='word_1_40' title='bbox 220 587 347 636; x_wconf 88' lang='lat' dir='ltr'>amborum,</span> <span class='ocrx_word' id='word_1_41' title='bbox 356 585 515 642; x_wconf 68' lang='lat' dir='ltr'>praecordiaque</span> <span class='ocrx_word' id='word_1_42' title='bbox 524 586 601 629; x_wconf 89' lang='lat' dir='ltr'>intima</span> <span class='ocrx_word' id='word_1_43' title='bbox 611 587 684 630; x_wconf 64' lang='lat' dir='ltr'>movit⁴</span> 
     </span>
    </p>

    <p class='ocr_par' dir='ltr' id='par_1_7' title="bbox 105 660 643 717">
     <span class='ocr_line' id='line_1_8' title="bbox 105 660 643 717; baseline 0 -13"><span class='ocrx_word' id='word_1_44' title='bbox 105 663 161 704; x_wconf 87' lang='lat' dir='ltr'>Tum</span> <span class='ocrx_word' id='word_1_45' title='bbox 171 660 217 703; x_wconf 67' lang='lat' dir='ltr'>iace</span> <span class='ocrx_word' id='word_1_46' title='bbox 222 663 305 717; x_wconf 86' lang='lat' dir='ltr'>jactata</span> <span class='ocrx_word' id='word_1_47' title='bbox 313 675 351 717; x_wconf 83' lang='lat' dir='ltr'>per</span> <span class='ocrx_word' id='word_1_48' title='bbox 360 662 461 703; x_wconf 88' lang='lat' dir='ltr'>eumdem</span> <span class='ocrx_word' id='word_1_49' title='bbox 470 661 547 717; x_wconf 76' lang='lat' dir='ltr'>saepius</span> <span class='ocrx_word' id='word_1_50' title='bbox 557 662 643 714; x_wconf 86' lang='lat' dir='ltr'>orbem,</span> 
     </span>
    </p>

    <p class='ocr_par' dir='ltr' id='par_1_8' title="bbox 105 733 656 790">
     <span class='ocr_line' id='line_1_9' title="bbox 105 733 656 790; baseline 0 -14"><span class='ocrx_word' id='word_1_51' title='bbox 105 733 248 789; x_wconf 80' lang='lat' dir='ltr'>Consequitur</span> <span class='ocrx_word' id='word_1_52' title='bbox 256 741 326 775; x_wconf 77' lang='lat' dir='ltr'>motos</span> <span class='ocrx_word' id='word_1_53' title='bbox 336 733 436 776; x_wconf 83' lang='lat' dir='ltr'>velociter</span> <span class='ocrx_word' id='word_1_54' title='bbox 444 733 531 789; x_wconf 76' lang='lat' dir='ltr'><strong>ignibus</strong></span> <span class='ocrx_word' id='word_1_55' title='bbox 540 735 604 790; x_wconf 76' lang='lat' dir='ltr'>ignee.</span> <span class='ocrx_word' id='word_1_56' title='bbox 654 733 656 737; x_wconf 85' lang='grc'><strong>’</strong></span> 
     </span>
    </p>

    <p class='ocr_par' dir='ltr' id='par_1_9' title="bbox 104 807 632 863">
     <span class='ocr_line' id='line_1_10' title="bbox 104 807 632 863; baseline -0.004 -13"><span class='ocrx_word' id='word_1_57' title='bbox 104 807 137 850; x_wconf 87' lang='lat' dir='ltr'>Sic</span> <span class='ocrx_word' id='word_1_58' title='bbox 148 807 232 857; x_wconf 81' lang='lat' dir='ltr'>victrix,</span> <span class='ocrx_word' id='word_1_59' title='bbox 238 807 336 862; x_wconf 83' lang='lat' dir='ltr'>jussique</span> <span class='ocrx_word' id='word_1_60' title='bbox 345 816 432 862; x_wconf 77' lang='lat' dir='ltr'>potens,</span> <span class='ocrx_word' id='word_1_61' title='bbox 442 808 468 849; x_wconf 92' lang='lat' dir='ltr'>ad</span> <span class='ocrx_word' id='word_1_62' title='bbox 478 807 550 850; x_wconf 86' lang='lat' dir='ltr'>inania</span> <span class='ocrx_word' id='word_1_63' title='bbox 560 807 632 863; x_wconf 69' lang='lat' dir='ltr'>magni</span> 
     </span>
    </p>

    <p class='ocr_par' dir='ltr' id='par_1_10' title="bbox 103 868 741 996">
     <span class='ocr_line' id='line_1_11' title="bbox 103 868 741 937; baseline 0 -14"><span class='ocrx_word' id='word_1_64' title='bbox 103 883 173 936; x_wconf 75' lang='lat' dir='ltr'>Regna</span> <span class='ocrx_word' id='word_1_65' title='bbox 184 881 238 923; x_wconf 88' lang='lat' dir='ltr'>redit</span> <span class='ocrx_word' id='word_1_66' title='bbox 247 880 309 933; x_wconf 84' lang='lat' dir='ltr'>Ditis;</span> <span class='ocrx_word' id='word_1_67' title='bbox 318 890 459 935; x_wconf 85' lang='lat' dir='ltr'>sumtumque</span> <span class='ocrx_word' id='word_1_68' title='bbox 468 881 585 937; x_wconf 77' lang='lat' dir='ltr'>recingitur</span> <span class='ocrx_word' id='word_1_69' title='bbox 593 894 694 937; x_wconf 65' lang='lat' dir='ltr'>anguem.</span> <span class='ocrx_word' id='word_1_70' title='bbox 739 868 741 872; x_wconf 16' lang='lat' dir='ltr'><em>V</em></span> 
     </span>
     <span class='ocr_line' id='line_1_12' title="bbox 130 951 638 996; baseline 0.004 -2"><span class='ocrx_word' id='word_1_71' title='bbox 130 953 230 995; x_wconf 85' lang='lat' dir='ltr'>Protinus</span> <span class='ocrx_word' id='word_1_72' title='bbox 239 953 326 995; x_wconf 79' lang='lat' dir='ltr'>AEolidee</span> <span class='ocrx_word' id='word_1_73' title='bbox 336 953 406 994; x_wconf 92' lang='lat' dir='ltr'>media</span> <span class='ocrx_word' id='word_1_74' title='bbox 416 951 547 995; x_wconf 81' lang='lat' dir='ltr'>furibundus</span> <span class='ocrx_word' id='word_1_75' title='bbox 556 953 578 995; x_wconf 93' lang='lat' dir='ltr'>in</span> <span class='ocrx_word' id='word_1_76' title='bbox 587 953 638 996; x_wconf 90' lang='lat' dir='ltr'>aula</span> 
     </span>
    </p>

    <p class='ocr_par' dir='ltr' id='par_1_11' title="bbox 101 1026 640 1076">
     <span class='ocr_line' id='line_1_13' title="bbox 101 1026 640 1076; baseline -0.004 -6"><span class='ocrx_word' id='word_1_77' title='bbox 101 1027 196 1076; x_wconf 80' lang='lat' dir='ltr'>Clamat,</span> <span class='ocrx_word' id='word_1_78' title='bbox 206 1029 258 1076; x_wconf 82' lang='lat' dir='ltr'>uio,</span> <span class='ocrx_word' id='word_1_79' title='bbox 268 1026 367 1076; x_wconf 82' lang='lat' dir='ltr'>comites,</span> <span class='ocrx_word' id='word_1_80' title='bbox 376 1026 409 1067; x_wconf 88' lang='lat' dir='ltr'>his</span> <span class='ocrx_word' id='word_1_81' title='bbox 419 1026 472 1068; x_wconf 84' lang='lat' dir='ltr'>retia</span> <span class='ocrx_word' id='word_1_82' title='bbox 481 1027 561 1070; x_wconf 90' lang='lat' dir='ltr'>tendite</span> <span class='ocrx_word' id='word_1_83' title='bbox 570 1026 640 1069; x_wconf 79' lang='lat' dir='ltr'>silvie:</span> 
     </span>
    </p>

    <p class='ocr_par' dir='ltr' id='par_1_12' title="bbox 102 1100 694 1157">
     <span class='ocr_line' id='line_1_14' title="bbox 102 1100 694 1157; baseline -0.008 -12"><span class='ocrx_word' id='word_1_84' title='bbox 102 1104 139 1145; x_wconf 85' lang='lat' dir='ltr'>iiic</span> <span class='ocrx_word' id='word_1_85' title='bbox 149 1102 214 1143; x_wconf 86' lang='lat' dir='ltr'>modo</span> <span class='ocrx_word' id='word_1_86' title='bbox 223 1115 274 1142; x_wconf 92' lang='lat' dir='ltr'>cum</span> <span class='ocrx_word' id='word_1_87' title='bbox 283 1100 368 1156; x_wconf 73' lang='lat' dir='ltr'>gemina</span> <span class='ocrx_word' id='word_1_88' title='bbox 378 1100 422 1142; x_wconf 79' lang='lat' dir='ltr'>visa</span> <span class='ocrx_word' id='word_1_89' title='bbox 430 1110 462 1144; x_wconf 84' lang='lat' dir='ltr'>est</span> <span class='ocrx_word' id='word_1_90' title='bbox 471 1101 525 1143; x_wconf 90' lang='lat' dir='ltr'>mihi</span> <span class='ocrx_word' id='word_1_91' title='bbox 534 1101 594 1157; x_wconf 87' lang='lat' dir='ltr'>prole</span> <span class='ocrx_word' id='word_1_92' title='bbox 603 1101 694 1145; x_wconf 74' lang='lat' dir='ltr'>leaena.»</span> 
     </span>
    </p>

    <p class='ocr_par' dir='ltr' id='par_1_13' title="bbox 101 1173 642 1231">
     <span class='ocr_line' id='line_1_15' title="bbox 101 1173 642 1231; baseline -0.002 -13"><span class='ocrx_word' id='word_1_93' title='bbox 101 1177 170 1231; x_wconf 89' lang='lat' dir='ltr'>thue</span> <span class='ocrx_word' id='word_1_94' title='bbox 179 1173 239 1226; x_wconf 82' lang='lat' dir='ltr'>ferae,</span> <span class='ocrx_word' id='word_1_95' title='bbox 248 1174 346 1229; x_wconf 75' lang='lat' dir='ltr'>sequitur</span> <span class='ocrx_word' id='word_1_96' title='bbox 353 1173 440 1230; x_wconf 71' lang='lat' dir='ltr'>vestigia</span> <span class='ocrx_word' id='word_1_97' title='bbox 449 1173 546 1230; x_wconf 71' lang='lat' dir='ltr'>conjugis</span> <span class='ocrx_word' id='word_1_98' title='bbox 555 1188 642 1226; x_wconf 76' lang='lat' dir='ltr'>amens3</span> 
     </span>
    </p>

    <p class='ocr_par' dir='ltr' id='par_1_14' title="bbox 99 1249 671 1305">
     <span class='ocr_line' id='line_1_16' title="bbox 99 1249 671 1305; baseline 0 -13"><span class='ocrx_word' id='word_1_99' title='bbox 99 1252 171 1305; x_wconf 86' lang='lat' dir='ltr'>Deque</span> <span class='ocrx_word' id='word_1_100' title='bbox 179 1250 229 1292; x_wconf 86' lang='lat' dir='ltr'>sinu</span> <span class='ocrx_word' id='word_1_101' title='bbox 238 1249 313 1292; x_wconf 78' lang='lat' dir='ltr'>matris</span> <span class='ocrx_word' id='word_1_102' title='bbox 322 1249 438 1299; x_wconf 75' lang='lat' dir='ltr'>ridentem,</span> <span class='ocrx_word' id='word_1_103' title='bbox 449 1259 470 1292; x_wconf 90' lang='lat' dir='ltr'>et</span> <span class='ocrx_word' id='word_1_104' title='bbox 478 1263 544 1305; x_wconf 85' lang='lat' dir='ltr'>parva</span> <span class='ocrx_word' id='word_1_105' title='bbox 553 1250 671 1292; x_wconf 81' lang='lat' dir='ltr'>Learchum</span> 
     </span>
    </p>

    <p class='ocr_par' dir='ltr' id='par_1_15' title="bbox 98 1312 749 1380">
     <span class='ocr_line' id='line_1_17' title="bbox 98 1312 749 1380; baseline 0.002 -15"><span class='ocrx_word' id='word_1_106' title='bbox 98 1324 186 1366; x_wconf 83' lang='lat' dir='ltr'>Brachia</span> <span class='ocrx_word' id='word_1_107' title='bbox 196 1326 329 1374; x_wconf 85' lang='lat' dir='ltr'>tendentem,</span> <span class='ocrx_word' id='word_1_108' title='bbox 339 1324 406 1380; x_wconf 79' lang='lat' dir='ltr'>rapit,</span> <span class='ocrx_word' id='word_1_109' title='bbox 415 1333 437 1366; x_wconf 90' lang='lat' dir='ltr'>et</span> <span class='ocrx_word' id='word_1_110' title='bbox 446 1323 478 1366; x_wconf 83' lang='lat' dir='ltr'>bie</span> <span class='ocrx_word' id='word_1_111' title='bbox 488 1333 562 1379; x_wconf 89' lang='lat' dir='ltr'>terque</span> <span class='ocrx_word' id='word_1_112' title='bbox 570 1337 608 1380; x_wconf 92' lang='lat' dir='ltr'>per</span> <span class='ocrx_word' id='word_1_113' title='bbox 616 1337 681 1367; x_wconf 80' lang='lat' dir='ltr'>auras</span> <span class='ocrx_word' id='word_1_114' title='bbox 748 1312 749 1317; x_wconf 12' lang='grc' dir='ltr'><strong>Ἰ</strong></span> 
     </span>
    </p>

    <p class='ocr_par' dir='ltr' id='par_1_16' title="bbox 98 1396 594 1453">
     <span class='ocr_line' id='line_1_18' title="bbox 98 1396 594 1453; baseline -0.002 -13"><span class='ocrx_word' id='word_1_115' title='bbox 98 1399 157 1440; x_wconf 85' lang='lat' dir='ltr'>More</span> <span class='ocrx_word' id='word_1_116' title='bbox 167 1408 224 1440; x_wconf 87' lang='lat' dir='ltr'>rotat</span> <span class='ocrx_word' id='word_1_117' title='bbox 232 1397 315 1447; x_wconf 73' lang='lat' dir='ltr'>funde,</span> <span class='ocrx_word' id='word_1_118' title='bbox 325 1398 435 1453; x_wconf 74' lang='lat' dir='ltr'>rigidoque</span> <span class='ocrx_word' id='word_1_119' title='bbox 444 1396 536 1439; x_wconf 87' lang='lat' dir='ltr'>infautia</span> <span class='ocrx_word' id='word_1_120' title='bbox 544 1411 594 1440; x_wconf 81' lang='lat' dir='ltr'>saxo</span> 
     </span>
    </p>

    <p class='ocr_par' dir='ltr' id='par_1_17' title="bbox 97 1471 657 1528">
     <span class='ocr_line' id='line_1_19' title="bbox 97 1471 657 1528; baseline -0.002 -14"><span class='ocrx_word' id='word_1_121' title='bbox 97 1472 187 1515; x_wconf 82' lang='lat' dir='ltr'>Discutit</span> <span class='ocrx_word' id='word_1_122' title='bbox 195 1485 242 1513; x_wconf 77' lang='lat' dir='ltr'>ossa</span> <span class='ocrx_word' id='word_1_123' title='bbox 252 1471 317 1515; x_wconf 79' lang='lat' dir='ltr'>ferox.</span> <span class='ocrx_word' id='word_1_124' title='bbox 327 1473 383 1514; x_wconf 86' lang='lat' dir='ltr'>Tum</span> <span class='ocrx_word' id='word_1_125' title='bbox 392 1472 484 1528; x_wconf 84' lang='lat' dir='ltr'>denique</span> <span class='ocrx_word' id='word_1_126' title='bbox 494 1472 578 1514; x_wconf 88' lang='lat' dir='ltr'>concita</span> <span class='ocrx_word' id='word_1_127' title='bbox 587 1481 657 1514; x_wconf 83' lang='lat' dir='ltr'>mater</span> 
     </span>
    </p>

    <p class='ocr_par' dir='ltr' id='par_1_18' title="bbox 98 1544 639 1602">
     <span class='ocr_line' id='line_1_20' title="bbox 98 1544 639 1602; baseline -0.002 -15"><span class='ocrx_word' id='word_1_128' title='bbox 98 1545 153 1602; x_wconf 88' lang='lat' dir='ltr'>(Seu</span> <span class='ocrx_word' id='word_1_129' title='bbox 162 1544 223 1586; x_wconf 90' lang='lat' dir='ltr'>dolor</span> <span class='ocrx_word' id='word_1_130' title='bbox 231 1545 273 1586; x_wconf 87' lang='lat' dir='ltr'>hcc</span> <span class='ocrx_word' id='word_1_131' title='bbox 282 1545 343 1595; x_wconf 85' lang='lat' dir='ltr'>fecit,</span> <span class='ocrx_word' id='word_1_132' title='bbox 352 1559 390 1587; x_wconf 79' lang='lat' dir='ltr'>seu</span> <span class='ocrx_word' id='word_1_133' title='bbox 399 1544 467 1601; x_wconf 85' lang='lat' dir='ltr'>sparsi</span> <span class='ocrx_word' id='word_1_134' title='bbox 477 1558 540 1588; x_wconf 81' lang='lat' dir='ltr'>censa</span> <span class='ocrx_word' id='word_1_135' title='bbox 550 1544 639 1601; x_wconf 84' lang='lat' dir='ltr'>veneni)</span> 
     </span>
    </p>

    <p class='ocr_par' dir='ltr' id='par_1_19' title="bbox 96 1616 616 1673">
     <span class='ocr_line' id='line_1_21' title="bbox 96 1616 616 1673; baseline -0.002 -13"><span class='ocrx_word' id='word_1_136' title='bbox 96 1617 206 1662; x_wconf 75' lang='lat' dir='ltr'>Exuluiat.</span> <span class='ocrx_word' id='word_1_137' title='bbox 216 1617 323 1673; x_wconf 76' lang='lat' dir='ltr'>passisque</span> <span class='ocrx_word' id='word_1_138' title='bbox 332 1616 388 1673; x_wconf 70' lang='lat' dir='ltr'>fugit</span> <span class='ocrx_word' id='word_1_139' title='bbox 397 1617 453 1659; x_wconf 84' lang='lat' dir='ltr'>male</span> <span class='ocrx_word' id='word_1_140' title='bbox 462 1631 515 1660; x_wconf 86' lang='lat' dir='ltr'>sana</span> <span class='ocrx_word' id='word_1_141' title='bbox 524 1616 616 1673; x_wconf 83' lang='lat' dir='ltr'>capiliis;</span> 
     </span>
    </p>

    <p class='ocr_par' dir='ltr' id='par_1_20' title="bbox 95 1690 660 1748">
     <span class='ocr_line' id='line_1_22' title="bbox 95 1690 660 1748; baseline -0.007 -12"><span class='ocrx_word' id='word_1_142' title='bbox 95 1694 167 1748; x_wconf 87' lang='lat' dir='ltr'>Teque</span> <span class='ocrx_word' id='word_1_143' title='bbox 176 1691 245 1734; x_wconf 78' lang='lat' dir='ltr'>ferens</span> <span class='ocrx_word' id='word_1_144' title='bbox 254 1704 345 1747; x_wconf 81' lang='lat' dir='ltr'>parvum</span> <span class='ocrx_word' id='word_1_145' title='bbox 354 1690 556 1742; x_wconf 46' lang='lat' dir='ltr'>undisdieiicerta,</span> <span class='ocrx_word' id='word_1_146' title='bbox 565 1690 660 1741; x_wconf 78' lang='lat' dir='ltr'>lacertis,</span> 
     </span>
    </p>

    <p class='ocr_par' dir='ltr' id='par_1_21' title="bbox 94 1764 634 1816">
     <span class='ocr_line' id='line_1_23' title="bbox 94 1764 634 1816; baseline -0.009 -6"><span class='ocrx_word' id='word_1_147' title='bbox 94 1769 161 1816; x_wconf 81' lang='lat' dir='ltr'>Evoe,</span> <span class='ocrx_word' id='word_1_148' title='bbox 171 1765 260 1814; x_wconf 82' lang='lat' dir='ltr'>Bacche,</span> <span class='ocrx_word' id='word_1_149' title='bbox 269 1774 337 1806; x_wconf 83' lang='lat' dir='ltr'>sonat.</span> <span class='ocrx_word' id='word_1_150' title='bbox 347 1764 422 1807; x_wconf 84' lang='lat' dir='ltr'>Bacchi</span> <span class='ocrx_word' id='word_1_151' title='bbox 431 1765 471 1807; x_wconf 89' lang='lat' dir='ltr'>suh</span> <span class='ocrx_word' id='word_1_152' title='bbox 481 1764 569 1806; x_wconf 80' lang='lat' dir='ltr'>nomine</span> <span class='ocrx_word' id='word_1_153' title='bbox 577 1766 634 1806; x_wconf 88' lang='lat' dir='ltr'>Jnuo</span> 
     </span>
    </p>

    <p class='ocr_par' dir='ltr' id='par_1_22' title="bbox 95 1828 696 1966">
     <span class='ocr_line' id='line_1_24' title="bbox 95 1828 696 1893; baseline -0.013 -10"><span class='ocrx_word' id='word_1_154' title='bbox 95 1840 160 1883; x_wconf 78' lang='lat' dir='ltr'>Risit:</span> <span class='ocrx_word' id='word_1_155' title='bbox 170 1849 201 1887; x_wconf 82' lang='lat' dir='ltr'>et,</span> <span class='ocrx_word' id='word_1_156' title='bbox 212 1828 332 1880; x_wconf 70' lang='lat' dir='ltr'>attos‘usus</span> <span class='ocrx_word' id='word_1_157' title='bbox 341 1846 427 1893; x_wconf 72' lang='lat' dir='ltr'>prestat</span> <span class='ocrx_word' id='word_1_158' title='bbox 436 1837 486 1887; x_wconf 82' lang='lat' dir='ltr'>tibi,</span> <span class='ocrx_word' id='word_1_159' title='bbox 496 1837 559 1886; x_wconf 81' lang='lat' dir='ltr'>dixit,</span> <span class='ocrx_word' id='word_1_160' title='bbox 568 1836 696 1880; x_wconf 78' lang='lat' dir='ltr'>alumnus.»</span> 
     </span>
     <span class='ocr_line' id='line_1_25' title="bbox 122 1910 689 1966; baseline 0 -13"><span class='ocrx_word' id='word_1_161' title='bbox 122 1912 225 1958; x_wconf 81' lang='lat' dir='ltr'>Imminet</span> <span class='ocrx_word' id='word_1_162' title='bbox 232 1911 354 1966; x_wconf 74' lang='lat' dir='ltr'>aequoribus</span> <span class='ocrx_word' id='word_1_163' title='bbox 363 1910 477 1966; x_wconf 82' lang='lat' dir='ltr'>scopulus:</span> <span class='ocrx_word' id='word_1_164' title='bbox 486 1924 535 1966; x_wconf 81' lang='lat' dir='ltr'>parc</span> <span class='ocrx_word' id='word_1_165' title='bbox 545 1910 589 1952; x_wconf 81' lang='lat' dir='ltr'>ima</span> <span class='ocrx_word' id='word_1_166' title='bbox 599 1921 689 1953; x_wconf 84' lang='lat' dir='ltr'>cavatur</span> 
     </span>
    </p>

    <p class='ocr_par' dir='ltr' id='par_1_23' title="bbox 92 1982 667 2033">
     <span class='ocr_line' id='line_1_26' title="bbox 92 1982 667 2033; baseline -0.005 -5"><span class='ocrx_word' id='word_1_167' title='bbox 92 1985 213 2033; x_wconf 79' lang='lat' dir='ltr'>Fluctibus.</span> <span class='ocrx_word' id='word_1_168' title='bbox 223 1993 245 2026; x_wconf 90' lang='lat' dir='ltr'>et</span> <span class='ocrx_word' id='word_1_169' title='bbox 253 1993 319 2026; x_wconf 79' lang='lat' dir='ltr'>tectas</span> <span class='ocrx_word' id='word_1_170' title='bbox 327 1982 423 2025; x_wconf 75' lang='lat' dir='ltr'>defendit</span> <span class='ocrx_word' id='word_1_171' title='bbox 432 1983 459 2025; x_wconf 91' lang='lat' dir='ltr'>ab</span> <span class='ocrx_word' id='word_1_172' title='bbox 468 1982 575 2025; x_wconf 80' lang='lat' dir='ltr'>imbribus</span> <span class='ocrx_word' id='word_1_173' title='bbox 585 1983 667 2025; x_wconf 78' lang='lat' dir='ltr'>undas:</span> 
     </span>
    </p>

    <p class='ocr_par' dir='ltr' id='par_1_24' title="bbox 92 2055 732 2114">
     <span class='ocr_line' id='line_1_27' title="bbox 92 2055 732 2114; baseline -0.002 -15"><span class='ocrx_word' id='word_1_174' title='bbox 92 2059 184 2100; x_wconf 88' lang='lat' dir='ltr'>Summa</span> <span class='ocrx_word' id='word_1_175' title='bbox 193 2056 256 2113; x_wconf 72' lang='lat' dir='ltr'>riget,</span> <span class='ocrx_word' id='word_1_176' title='bbox 266 2055 402 2110; x_wconf 82' lang='lat' dir='ltr'>frontemque</span> <span class='ocrx_word' id='word_1_177' title='bbox 411 2055 434 2097; x_wconf 92' lang='lat' dir='ltr'>in</span> <span class='ocrx_word' id='word_1_178' title='bbox 443 2064 542 2111; x_wconf 82' lang='lat' dir='ltr'>apertum</span> <span class='ocrx_word' id='word_1_179' title='bbox 551 2056 642 2114; x_wconf 73' lang='lat' dir='ltr'>porrigit</span> <span class='ocrx_word' id='word_1_180' title='bbox 651 2069 732 2113; x_wconf 76' lang='lat' dir='ltr'>aequor.</span> 
     </span>
    </p>

    <p class='ocr_par' dir='ltr' id='par_1_25' title="bbox 92 2127 585 2188">
     <span class='ocr_line' id='line_1_28' title="bbox 92 2127 585 2188; baseline -0.006 -16"><span class='ocrx_word' id='word_1_181' title='bbox 92 2131 187 2186; x_wconf 82' lang='lat' dir='ltr'>Occupat</span> <span class='ocrx_word' id='word_1_182' title='bbox 195 2130 254 2173; x_wconf 86' lang='lat' dir='ltr'>huuc</span> <span class='ocrx_word' id='word_1_183' title='bbox 264 2128 332 2188; x_wconf 72' lang='lat' dir='ltr'>(vires</span> <span class='ocrx_word' id='word_1_184' title='bbox 340 2128 423 2172; x_wconf 75' lang='lat' dir='ltr'>insania</span> <span class='ocrx_word' id='word_1_185' title='bbox 432 2127 524 2187; x_wconf 76' lang='lat' dir='ltr'>fecerat)</span> <span class='ocrx_word' id='word_1_186' title='bbox 533 2131 585 2172; x_wconf 84' lang='lat' dir='ltr'>ino:</span> 
     </span>
    </p>
   </div>
   <div class='ocr_carea' id='block_1_5' title="bbox 0 0 838 2592">
    <p class='ocr_par' dir='ltr' id='par_1_26' title="bbox 0 0 838 2592">
     <span class='ocr_line' id='line_1_29' title="bbox 0 0 838 2592; baseline 0 6"><span class='ocrx_word' id='word_1_187' title='bbox 0 0 838 2592; x_wconf 95' lang='lat' dir='ltr'> </span> 
     </span>
    </p>
   </div>
  </div>
 </body>
</html>
