1667 2592
78 150 163 201 ιιίγι.
243 190 247 201 ,
305 149 498 191 ΠΒΕΗΙΙΙ.
633 153 716 195 ,251

80 237 132 278 Vim
142 236 251 292 geminam
262 236 337 286 sentit.
347 246 451 293 paretque
460 237 541 279 incerta
551 237 647 280 duobus:

79 312 177 354 Thestias
186 312 246 355 haud
255 311 317 355 aliter
326 312 398 355 dubiis
407 311 523 355 affectibus
532 321 601 362 errat,

78 387 149 440 Inque
159 385 227 427 vicem
237 386 311 442 pouit,
320 385 457 442 positamque
467 385 579 428 resuscitat
587 386 651 428 iram.

79 458 158 514 Incipit
167 472 212 500 esse
222 468 296 501 tamen
305 458 382 501 melior
391 472 495 515 germana
503 468 605 515 parente:

78 535 116 582 Et,
127 532 297 589 consanguineas
307 544 331 576 ut
338 533 443 589 sanguine
452 532 629 583 leniatumbras,

82 605 197 661 impietate
206 606 241 663 pia
251 616 289 649 est.
299 608 357 649 Nam
367 617 483 663 postquam
493 606 581 663 pestifer
590 607 644 664 ignis

82 670 209 723 Gouvaluit:
219 698 230 719 ι(
237 683 307 735 Roqus
316 682 356 724 iste
365 692 447 724 crernet
456 695 506 723 mea
515 682 608 734 viscera,
616 682 694 725 dixit.»

83 755 154 809 thue
164 768 233 797 manu
241 756 289 797 dira
299 755 383 811 lignum
393 754 458 798 fatale
469 756 565 807 tenebat;

81 829 137 869 Ante
146 826 275 883 sepulcrales
284 827 359 870 infelix
368 828 450 871 adstitit
459 841 520 870 aras:

28 898 31 903 ’
83 918 94 940 α
102 902 259 957 Poenarumque
269 904 314 949 Dete
325 901 430 958 triplices,
439 901 566 952 furialibus,
576 901 659 957 inquit,

84 974 226 1026 Eumenides,
237 976 302 1018 sacris
311 975 384 1019 vultus
393 975 496 1020 advertite
507 986 593 1018 vestros.

84 1042 190 1099 Ulciscor,
200 1047 299 1105 facioque
308 1049 382 1093 nefas:
392 1063 452 1092 mors
461 1059 531 1092 morte
540 1049 620 1105 pianda
629 1059 674 1093 est:

83 1125 110 1165 ln
120 1122 189 1167 scelus
198 1125 322 1168 addendum
332 1125 400 1168 scelus
409 1136 453 1177 est,
463 1125 485 1167 in
495 1124 573 1168 funera
582 1124 657 1167 funus.

85 1198 125 1238 Per
134 1206 270 1239 coacervatos
279 1207 352 1252 pereat
360 1198 440 1240 domus
449 1197 517 1252 impia
526 1196 604 1239 luctus.

85 1271 119 1313 An
130 1268 180 1312 felir
189 1271 274 1313 OEneus
282 1281 335 1313 nato
343 1270 423 1313 victore
433 1269 530 1321 fruetur,

88 1343 189 1387 Thestius
198 1345 264 1387 orbus
276 1345 328 1388 eritt
338 1344 416 1387 melius
426 1343 527 1400 lugebitis
536 1344 609 1386 ambo.

88 1417 133 1460 Vos
143 1419 220 1468 modo,
231 1417 320 1460 fraterni
330 1432 416 1468 manes,
425 1417 547 1471 animaque
557 1427 662 1467 recentes,

89 1490 194 1534 Officium
204 1492 281 1536 sentite
291 1506 379 1534 meum:
391 1505 514 1548 magnoque
524 1502 609 1547 paratas

91 1563 187 1619 Accipite
196 1563 294 1615 inferias,
304 1564 360 1606 uteri
370 1563 429 1606 mala
437 1564 528 1620 pignora
536 1564 611 1607 nostri.

93 1638 132 1680 liei
142 1637 207 1680 milti!
217 1652 261 1693 quo
272 1638 356 1694 rapior?
366 1637 454 1690 fratres,
463 1638 566 1694 ignoscite
576 1640 648 1682 matri.

93 1709 201 1753 Deficiunt
210 1712 237 1753 ad
247 1722 316 1768 crepta
325 1726 410 1754 manus.
421 1711 522 1755 Meruisse
533 1711 628 1756 fatemur

94 1782 173 1833 Illum,
183 1798 222 1826 cur
231 1795 316 1841 pereat:
327 1785 403 1828 tnortis
412 1785 467 1828 mihi
477 1784 575 1842 displicet
583 1797 666 1829 auctor.

95 1861 152 1915 Ergo
161 1858 251 1915 impune
261 1857 325 1912 feret;
336 1860 450 1915 vivusque,
460 1871 482 1902 et
491 1860 570 1911 victor,
579 1870 601 1903 et
610 1861 656 1916 ipso

95 1936 201 1976 successu
212 1933 308 1975 tumidus
319 1947 409 1989 regnum
418 1932 532 1989 Calydonis
541 1931 642 1974 habebit!

95 2009 153 2059 Vos,
162 2007 217 2049 cinis
225 2007 325 2062 exiguus.
336 2006 464 2063 gelidaque,
470 2005 582 2063 jacebitis,
592 2006 687 2048 umbraet

96 2082 160 2125 Haud
170 2081 271 2137 equidem
281 2080 357 2136 patiar.
367 2083 441 2122 Pereat
450 2079 576 2131 sceleratus;
586 2089 608 2121 ct
616 2078 652 2120 ille

95 2155 206 2211 Spemque
214 2153 292 2209 patris,
303 2151 405 2208 regnique
415 2152 498 2204 trahat,
508 2150 623 2208 patrieque
633 2151 728 2194 ruinam.

620 2237 651 2276 17.
