1667 2592
18 210 19 221 ,
58 172 131 215 μω.
297 156 397 212 arnna
415 168 448 212 rr.
664 172 693 225 4,

18 268 19 271 ’
58 262 129 306 Dissilit
138 274 205 305 omne
215 259 301 310 solum;
311 269 454 316 penetratque
462 259 485 301 in
494 261 583 304 Tartara
592 259 653 302 rimis

58 337 145 387 lumen,
155 347 178 379 et
186 334 301 377 infernum
312 343 378 377 terret
386 348 438 376 cum
447 333 540 390 conjuge
548 337 634 391 Regem.

58 410 80 452 Et
87 423 146 452 mare
155 408 309 452 contrahitur:
319 408 421 463 siccasque
431 418 462 451 est
471 422 562 464 campus
570 422 651 459 arenas,

57 481 114 538 Quod
125 482 194 524 modo
201 490 284 537 pontias
293 488 347 522 erat
357 481 458 536 Quosque
467 481 537 523 ultum
547 490 628 525 texerat
636 492 721 537 equor,

57 554 162 597 Exsistunt
171 562 270 603 montes,
279 563 302 594 et
310 565 394 607 sparsas
402 553 505 610 Cycladas
514 564 601 610 augent

57 628 99 670 lms
108 636 188 684 petunt
197 628 278 683 pisces:
288 640 328 669 nec
337 640 360 668 se
368 640 434 682 super
441 641 528 683 aeqnora
537 627 599 669 curvi

57 699 136 743 Tollere
144 709 261 743 consuetas
270 699 352 741 sudent
360 699 471 756 delphines
480 700 583 741 inauras

57 775 148 829 Corpora
157 773 280 830 phocarum
289 785 378 815 summo
387 774 488 829 resupina
497 771 608 829 profundo

58 847 183 890 &animata
188 846 271 903 jacent.
280 848 354 902 lpsum
364 861 452 903 quoque
461 849 531 890 Nerea
540 846 600 890 lama
608 855 651 898 est,

57 921 189 976 Doridaque,
198 929 221 963 et
229 929 301 970 natas,
312 920 388 976 tepidis
397 920 485 964 latuisse
493 922 535 965 sub
544 921 619 964 antris.

56 995 93 1037 Te'r
102 996 220 1050 Neptunus
228 994 291 1049 aquis
299 1006 351 1035 curn
362 1004 423 1036 rorvo
432 995 520 1037 brachia
529 996 592 1038 vultu

18 1102 20 1121 f
57 1071 154 1113 ducrere
163 1081 231 1111 ausus
240 1078 299 1111 erut:
310 1075 393 1110 ternos
404 1067 454 1110 tulit
462 1068 517 1111 aeris
526 1078 596 1111 aestus.

82 1220 109 1261 V.
120 1222 186 1261 Διιι
196 1227 269 1262 tamen
278 1217 363 1269 Tellus,
372 1229 397 1262 ur
406 1229 454 1263 erat
462 1219 598 1262 circumdata
606 1227 685 1275 ponto,

57 1293 112 1336 lnter
120 1306 191 1348 aquas
199 1291 281 1348 pelagi,
290 1301 456 1348 contractosque
467 1293 563 1347 undique
572 1291 652 1343 fontes,

57 1365 96 1421 Qui
105 1379 128 1408 se
138 1364 284 1407 condiderant
291 1363 314 1405 in
324 1377 396 1420 opacae
404 1364 486 1407 viscera
496 1363 582 1416 matris,

57 1439 146 1483 Sustulit
155 1438 277 1482 omnlleros
286 1437 342 1481 collo
353 1449 415 1483 tenus
425 1440 487 1482 arida
496 1438 581 1482 vultus:

57 1513 205 1570 opposuitque
214 1525 308 1555 manum
318 1511 384 1556 fronti
393 1529 398 1552 ε
409 1526 534 1570 magnoque
542 1521 635 1556 tremore

57 1588 133 1630 Omnia
142 1585 271 1629 concutiens
280 1584 372 1641 paulurn
382 1585 489 1634 subsedit;
499 1595 521 1629 et
530 1585 600 1640 infra,

57 1661 126 1718 Quam
135 1659 192 1702 solet
200 1672 257 1708 esse,
267 1657 324 1701 fuir:
334 1658 434 1715 siccaque
442 1659 473 1702 ita
482 1673 533 1702 voce
542 1654 669 1707 locuts'est:

58 1736 94 1778 «si
103 1735 176 1792 placet
186 1733 236 1782 hoc,
246 1732 367 1789 meruique,
375 1733 436 1789 quid,
447 1735 472 1775 o!
483 1743 521 1777 tua
530 1733 624 1779 fulmina
633 1746 724 1788 cessant,

57 1810 145 1853 Summe
155 1811 239 1852 Dellrul
248 1807 311 1850 liceat
320 1808 421 1863 periturae
429 1808 511 1851 viribus
520 1809 586 1866 ignis,

57 1883 105 1938 Igne
115 1882 186 1940 perire
196 1892 247 1931 tuo;
256 1879 384 1936 clademque
393 1891 482 1924 auctore
491 1881 567 1926 levare.

57 1956 96 2000 Ἧι
104 1957 208 2013 equidem
218 1953 292 1997 lauces
302 1954 346 1999 ltaec
356 1954 403 2011 ipsa
411 1955 434 1996 in
444 1956 508 1998 verba
517 1956 601 1998 resolvo
653 1962 656 1969 ’

58 2029 176 2087 (Presserat
185 2043 225 2073 orn
235 2027 327 2085 vapor):
338 2038 405 2072 tostos
413 2043 440 2071 en
450 2031 535 2087 adspice
543 2030 625 2078 crines,

57 2106 123 2161 loque
132 2104 203 2148 oculis
212 2112 312 2152 tantum,
323 2112 408 2146 tantum
418 2117 484 2160 super
493 2117 531 2145 ora
541 2101 625 2143 raville.

57 2178 124 2222 llosne
133 2177 191 2222 mihi
201 2175 300 2229 fructus,
309 2175 369 2219 hunc
379 2175 497 2219 fertilitatis
506 2174 614 2216 honorem
