1667 2592
54 204 132 257 ιω.
297 201 397 243 trena
414 202 463 243 111.
670 205 698 260 9³

13 330 14 337 ,
53 295 113 336 Nunc
122 294 169 336 duo
178 291 301 335 concordes
311 291 386 334 anima
395 292 517 335 moriemur
526 292 549 335 in
560 307 612 336 nna.
619 311 630 333 a

80 367 146 417 uixit,
156 378 179 410 et
189 367 218 408 ad
228 365 308 408 facient
320 365 382 408 rediit
391 366 448 407 male
457 380 523 409 sanus
532 369 644 420 eamdem

54 443 78 484 tt
86 441 188 499 lacrymis
199 440 299 483 turbavit
308 454 386 495 aquas3
396 441 531 496 obscuraque
541 451 602 484 moto

54 517 139 560 Reddita
149 515 224 559 forma
233 515 284 558 iacu
294 525 338 566 est;
347 530 415 572 quam
425 530 495 571 quum
504 516 591 560 vidisset
599 518 670 569 abire,

55 593 118 650 «Quo
129 591 201 648 fugis?
210 592 236 633 o!
247 604 348 640 remane;
359 605 397 633 nec
407 606 454 642 me,
464 591 567 643 crudelis,
577 573 689 635 amantein

53 666 136 713 Besere.
146 665 258 707 clamarit.
269 664 350 712 Liceat.
360 665 420 720 qnod
430 675 517 721 tangere
528 679 572 707 non
581 674 624 718 est,

53 740 176 796 suspicere,
186 749 208 782 et
219 739 300 781 misero
310 740 404 795 piabere
413 740 517 782 alimenta
527 738 607 781 furori!
615 757 627 778 a

53 816 151 871 Dumque
161 814 233 865 dotet,
243 827 332 856 summa
342 824 423 856 vestem
433 814 522 857 deduxit
531 814 558 856 ab
569 827 618 865 ora,

53 889 160 943 Nudaque
170 887 302 929 marmoreis
312 886 416 942 percussit
426 897 514 942 pectora
525 885 609 942 palmis.

54 962 139 1003 Pectora
150 970 265 1003 traxerunt
275 969 364 1002 tenuem
373 974 476 1016 percussa
485 961 599 1012 ruborem;

53 1039 100 1080 Non
111 1037 181 1087 aliter,
191 1051 259 1092 qnam
269 1050 336 1092 pomo
344 1036 425 1083 solent,
436 1051 483 1092 quc
493 1037 584 1079 candida
593 1046 666 1094 parte,

53 1113 112 1154 Parae
119 1111 217 1153 rubent:
228 1119 266 1152 aut
277 1119 312 1159 nt,
322 1109 385 1151 variis
395 1109 450 1152 solet
459 1124 501 1151 ura
512 1111 601 1153 racemis

51 1166 131 1230 Ducere
140 1198 291 1241 purpureum,
301 1186 401 1227 nondum
411 1195 509 1236 matura,
520 1185 623 1229 colorem.

52 1262 103 1320 Qua
112 1258 181 1303 simui
190 1260 287 1316 adspexit
297 1258 413 1315 liquefacta
423 1274 497 1302 rursus
507 1260 530 1302 in
540 1261 610 1312 unda,

52 1337 101 1377 Non
112 1334 165 1377 tulit
174 1332 278 1376 ulterius:
288 1333 337 1383 sed,
348 1342 373 1375 ut
382 1333 514 1376 intabescere
524 1333 583 1376 ssave

52 1412 101 1466 tque
110 1409 153 1451 leri
164 1421 229 1459 cerae,
239 1408 379 1450 matutinaeve
387 1407 471 1463 pruina

51 1483 98 1526 Sole
109 1492 197 1539 tepente
206 1481 287 1531 soient,
298 1480 328 1523 sic
338 1490 463 1524 attenuatus
473 1494 548 1525 amore

52 1558 157 1615 liquitur,
166 1568 189 1600 et
198 1570 254 1599 caeco
263 1555 369 1612 paulatim
379 1557 476 1612 carpitur
486 1557 536 1611 igni.

50 1631 75 1673 Et
84 1644 156 1687 neqm
162 1629 212 1685 jam
221 1627 281 1671 color
291 1638 323 1673 est
332 1629 401 1672 mixto
410 1631 503 1673 caudore
512 1631 599 1684 rubori;

51 1704 95 1746 Nec
105 1704 173 1761 rigor,
183 1713 205 1746 et
215 1703 281 1754 vires,
291 1713 312 1745 ct
321 1716 370 1758 que
379 1704 446 1745 modo
456 1704 499 1746 visa
509 1704 633 1761 placebant,

51 1778 95 1820 Nec
105 1789 186 1833 corpus
196 1785 304 1825 mmanet,
314 1775 426 1830 quondam
436 1777 493 1831 quod
504 1788 614 1822 amaverat
622 1778 687 1822 Echo.

52 1851 104 1909 Qua
114 1859 189 1892 tamen
200 1858 225 1891 ut
234 1848 298 1898 vidit,
308 1848 408 1903 quamvis
417 1848 472 1891 irata
482 1863 621 1907 memorque,

52 1924 163 1967 Indoluit&
172 1924 301 1980 quotiesque
310 1937 365 1979 puer
374 1924 513 1975 miserabilis,
523 1926 593 1968 Eheu!

52 1999 148 2050 Dixerat3
159 1998 204 2041 baec
213 1998 295 2040 resonis
304 1998 395 2042 iterabat
404 1999 503 2049 vocibus.
514 2000 584 2042 Eheu!

52 2071 170 2129 Quumque
179 2085 230 2113 suos
241 2070 342 2113 manibus
352 2081 486 2127 percusserat
495 2071 529 2114 ilie
539 2072 640 2122 lacertos,

52 2144 99 2186 flac
108 2157 198 2200 quoque
207 2144 311 2186 reddebat
320 2144 417 2186 sonitum
427 2143 535 2200 plangoris
544 2143 656 2185 eumdem.

52 2215 134 2260 Ultima
144 2231 185 2261 vox
193 2216 281 2260 solitam
291 2215 334 2261 tuit
342 2217 387 2260 hec
397 2215 513 2273 spectantis
522 2214 546 2257 in
555 2214 651 2256 unum:
695 2224 697 2229 ’
