1667 2592
66 215 88 245 v.
100 213 150 256 req.
301 197 401 240 llllllll
417 197 479 240 Vll.
666 202 707 242 ²05

69 290 137 335 Pallet
144 290 189 342 avi3
198 289 265 348 pallet
273 289 353 332 nostris
361 292 444 332 Aurora
453 290 546 332 venenis.

69 367 115 409 Vos
124 365 177 408 mihi
188 375 303 408 taurorum
313 364 414 407 flammas
423 364 550 414 hebetastis3
560 374 582 408 et
590 378 648 409 unco

70 437 133 480 fland
142 437 226 493 patiens
235 436 307 480 oneris
315 436 397 479 collum
407 437 512 493 pressistis
521 448 600 480 aratro.

68 511 115 555 Vos
122 509 276 566 serpentigenis
285 511 308 552 in
317 524 340 552 se
350 508 395 552 fera
404 509 461 552 bella
470 509 570 562 dedistia3

68 584 230 640 Custodemque
240 585 317 628 rudem
326 584 398 627 somni
407 583 503 641 sopistis3
513 593 634 638 cruorum,

67 659 159 703 Vindice
167 658 269 714 decepto,
280 658 354 702 Graias
364 657 452 700 misistis
461 657 484 699 in
494 657 564 699 urbes.

67 736 134 778 Nunc
143 747 199 790 opus
207 744 240 777 est
248 733 328 785 succis,
336 746 374 789 per
383 746 439 788 quos
448 742 549 774 renovata
558 741 657 776 senectus

68 808 94 849 ln
104 805 181 848 liorem
191 806 275 855 redeat,
284 806 410 862 primosque
420 803 528 860 recolligat
537 817 613 848 annos.

68 881 95 923 lit
103 879 195 922 dabitis:
206 892 276 934 neque
285 879 344 921 enim
354 878 479 921 micuerunt
488 877 558 921 sidere
564 877 659 932 frustm

68 955 114 997 llec
124 952 206 997 frustra
214 953 329 997 volucrum
339 962 421 996 tractus
430 952 511 995 cervice
520 953 642 996 draconum

68 1029 150 1073 Currus
159 1028 245 1071 adest.»
254 1028 332 1070 Aderat
340 1028 447 1070 demissus
455 1027 484 1070 ab
493 1027 571 1070 aetlrere
579 1041 663 1071 currus.

97 1105 147 1162 Quo
156 1101 222 1145 simul
230 1101 351 1151 adscendit,
362 1101 490 1157 frenataque
499 1101 555 1144 colla
563 1102 686 1146 draconum

69 1176 196 1228 Permulsit,
206 1177 350 1233 manibusque
359 1177 415 1220 leves
424 1177 512 1233 agitavit
521 1177 626 1230 lisbenas5

67 1249 175 1295 Sublimis
184 1250 280 1306 rapitur:
290 1249 419 1304 sublataque
428 1249 528 1291 Thessala
537 1251 618 1305 Tempe

69 1325 174 1381 Despicit,
183 1335 206 1367 et
213 1324 293 1367 Creteis
303 1323 427 1379 regionibus
436 1321 531 1378 adplicat
539 1336 633 1378 angues:

28 1383 32 1390 ’
69 1402 96 1444 Et
105 1413 160 1455 quas
169 1399 221 1441 Ossa
232 1398 293 1446 tulit.
303 1410 400 1453 quasque
409 1396 467 1439 altus
476 1395 547 1438 Pelion
556 1396 645 1449 herbas,

68 1473 203 1530 Othrysque,
211 1472 346 1526 Pindusque,
355 1480 376 1512 et
386 1469 452 1512 Pindo
462 1468 534 1524 major
542 1469 658 1528 Olympus,

69 1544 186 1601 Perspicit:
196 1554 217 1587 et
225 1544 305 1600 placita
314 1542 394 1599 partim
405 1543 476 1585 radice
485 1543 576 1596 revellit,

69 1619 152 1664 Partim
162 1618 254 1661 succidit
262 1617 388 1660 curvamine
398 1616 460 1659 falcis
469 1631 534 1661 aene.

70 1692 141 1738 Multa
149 1705 238 1748 quoque
245 1691 336 1748 Apidani
346 1691 476 1748 placuerunt
485 1691 584 1748 gramina
594 1692 656 1750 ripis,

70 1767 142 1812 Multa
151 1779 239 1823 quoque
247 1766 375 1824 Amphrysi:
385 1780 456 1822 neque
464 1780 511 1809 eras
520 1767 637 1821 immunis,
646 1769 739 1826 Enipeu:

69 1845 117 1886 Nec
127 1854 172 1884 non
182 1843 266 1889 Peneo.
276 1854 315 1883 nec
325 1854 369 1883 non
379 1840 516 1896 Spercheides
526 1842 589 1885 undar

69 1916 215 1962 contribuere
224 1914 306 1971 aliquid
312 1948 318 1963 ,
324 1914 461 1971 juncosaque
470 1915 533 1958 litore
543 1916 622 1958 Brebes.

68 1990 146 2045 Carpit
155 1996 176 2030 et
185 1986 280 2030 Euboica
289 1987 350 2029 rivas
359 1988 486 2030 Anthedone
496 1999 597 2042 gramen,

69 2064 179 2109 Nondum
189 2071 275 2105 mutato
283 2060 396 2119 vulgatum
406 2074 497 2118 corpore
505 2060 588 2104 Glauci.

69 2141 97 2185 Et
103 2138 154 2196 jam
163 2150 223 2180 nona
231 2136 276 2179 dies
285 2150 352 2179 curru
361 2135 479 2192 pennisque
488 2135 622 2185 draconum,

69 2214 181 2268 Nonsque
190 2223 234 2254 nox
243 2208 458 2255 omncslustrtntem
467 2206 550 2251 viderat
558 2219 633 2263 aprum
