1667 2592
81 162 109 216 98
233 161 564 204 METAMonPuosnou
636 161 719 206 ufioss.

82 252 152 305 thue
161 260 235 306 putat,
245 253 340 308 pmdam
351 252 435 293 deserto
444 261 521 294 nactus
530 251 553 293 in
562 263 624 306 agro,

82 324 183 379 Virginea
192 339 286 380 puerum
296 326 357 368 ducit
365 338 404 381 per
412 325 475 368 litora
485 324 563 367 iorma.

82 396 131 457 llle,
141 411 202 440 mero
212 412 333 453 somnoque
342 399 423 454 pravis,
433 398 527 441 titubare
536 398 627 449 ridetur,

81 458 165 528 Vixque
174 473 240 528 sequi.
251 474 327 529 Specto
336 472 435 520 cultum,
445 472 577 527 faciemque,
587 472 739 528 gradumque:

83 546 120 588 Nil
130 547 171 596 ibi,
181 548 239 602 quod
249 558 320 603 posset
329 548 386 590 credi
397 546 499 596 mortale,
509 546 616 588 videbam.

84 622 110 663 Et
120 620 187 671 sensi,
196 631 218 663 et
227 621 270 663 dixi
280 621 342 664 sociis
351 637 355 661 :
365 621 429 679 Quod
438 633 520 662 numen
529 620 552 662 in
561 619 603 662 isto

84 695 179 748 Corpore
188 694 215 736 sit
225 694 312 744 dubito;
323 694 360 736 sed
369 707 459 749 corpore
467 706 549 735 numen
559 693 581 735 in
591 692 633 735 isto
642 702 681 736 est.
689 724 692 729 -

86 767 188 825 Quisquis
197 782 230 818 es,
239 769 263 809 o!
274 766 356 818 faveas,
367 767 488 823 nostrisque
497 766 608 809 laboribus
617 767 680 809 adsis.

87 841 123 883 llis
133 855 220 899 quoque
228 843 265 884 des
275 842 367 884 venium.
378 845 419 884 Pro
428 842 492 883 nobis
502 842 563 884 mitte
572 841 667 896 precari,

86 915 158 972 Dictys
167 916 207 965 ait:
217 931 262 971 quo
271 931 316 959 non
324 916 380 959 alius
389 916 531 959 conscendere
540 929 639 959 summas

87 990 157 1044 Ocyor
165 997 282 1039 antennas,
291 1002 412 1044 prensoque
421 989 512 1030 rudente
522 988 595 1030 relabi.

88 1065 132 1105 lloc
142 1063 215 1120 Libys,
225 1063 267 1105 hoe
277 1063 356 1113 ssavus,
367 1076 436 1119 prora
446 1063 523 1109 tutela.
535 1062 667 1113 Melanthus,

89 1138 134 1180 lloo
143 1137 222 1191 probat
230 1136 366 1186 Alcimedon,
376 1147 408 1187 et,
418 1138 456 1191 qni
467 1138 606 1194 requiemque
615 1137 754 1194 modumque

90 1211 148 1252 Voce
157 1210 223 1253 dabat
232 1207 309 1260 remis,
318 1210 445 1253 animorum
454 1210 553 1253 hortator
563 1213 674 1266 Epopeus:

91 1285 135 1326 lloo
145 1297 222 1325 omues
231 1283 278 1326 alii:
288 1284 364 1340 praedae
373 1293 418 1326 tam
427 1298 483 1326 ereoa
492 1283 572 1340 cupido
581 1286 623 1326 est!

93 1360 142 1400 Nou
154 1368 226 1400 umen
236 1359 292 1401 hanc
301 1372 362 1400 sacro
371 1358 446 1400 violari
456 1359 550 1415 pondere
559 1357 637 1414 pinum

93 1432 207 1487 Perpetiar,
217 1432 274 1474 dixi:
284 1445 334 1487 para
343 1432 378 1473 irio
388 1431 443 1473 milii
453 1431 548 1474 maxima
554 1430 618 1487 juris.

94 1508 163 1562 lnque
172 1505 233 1548 aditu
242 1506 330 1547 obsisto.
340 1505 401 1547 Furit
409 1504 566 1546 audacissimus
575 1504 637 1546 omni

95 1581 124 1621 lle
133 1590 226 1620 numero
236 1578 340 1634 Lycabas,
349 1577 387 1632 qui
396 1578 480 1619 'lhusca
490 1577 565 1633 pulsus
574 1578 602 1618 ab
613 1577 667 1620 urbe

95 1652 210 1700 Exsilium,
220 1652 267 1693 dira
276 1665 362 1707 punam
371 1664 411 1707 pro
420 1652 488 1701 ende,
498 1650 578 1694 luebat.

96 1730 117 1770 ls
126 1726 192 1773 mihi,
202 1726 254 1767 dum
266 1735 333 1774 resto,
340 1725 433 1780 juvenili
442 1733 531 1780 guttura
540 1737 614 1780 pugno

96 1799 172 1856 Rupit3
182 1807 204 1840 et
211 1811 325 1840 excussum
336 1798 428 1839 misisset
437 1798 459 1839 in
469 1810 566 1853 aequora,
575 1797 593 1839 si
602 1811 648 1840 non

97 1875 218 1921 llaesissern,
227 1873 327 1928 quamtis
336 1886 422 1921 amens.
432 1872 455 1914 in
465 1871 517 1915 fune
527 1881 628 1915 retentus.

97 1949 168 2005 Impia
178 1949 240 1990 turba
251 1949 343 2003 probant
353 1946 444 1989 farrum.
453 1948 509 1988 Tum
519 1946 612 2001 denique
621 1946 718 1989 Bacchus

99 2023 207 2079 (Bacchus
217 2021 274 2063 enim
285 2020 380 2076 fuerat),
390 2020 456 2062 veluti
465 2020 559 2062 clamore
568 2018 653 2062 solutus

100 2097 132 2140 sir
140 2109 211 2152 sopor,
221 2110 276 2150 aque
286 2109 349 2137 moro
356 2096 445 2137 redeant
453 2094 475 2136 in
485 2103 572 2151 pectora
581 2107 667 2144 sensus,

101 2170 158 2228 Quid
168 2168 250 2212 facitis?
258 2168 307 2225 quis
315 2167 410 2212 clamori
418 2167 462 2211 ait:
471 2181 527 2224 qua,
536 2167 611 2220 dicito,
620 2176 704 2220 nautio,
