<?xml version="1.0" encoding="UTF-8"?>
<!DOCTYPE html PUBLIC "-//W3C//DTD XHTML 1.0 Transitional//EN"
    "http://www.w3.org/TR/xhtml1/DTD/xhtml1-transitional.dtd">
<html xmlns="http://www.w3.org/1999/xhtml" xml:lang="en" lang="en">
 <head>
  <title>
</title>
<meta http-equiv="Content-Type" content="text/html;charset=utf-8" />
  <meta name='ocr-system' content='tesseract 3.04.00' />
  <meta name='ocr-capabilities' content='ocr_page ocr_carea ocr_par ocr_line ocrx_word'/>
</head>
<body>
  <div class='ocr_page' id='page_1' title='image "./opera00accugoog/opera00accugoog_0021.png"; bbox 0 0 1667 2592; ppageno 0'>
   <div class='ocr_carea' id='block_1_1' title="bbox 21 144 696 225">
    <p class='ocr_par' dir='ltr' id='par_1_1' title="bbox 21 144 696 225">
     <span class='ocr_line' id='line_1_1' title="bbox 21 144 696 225; baseline 0.009 -17"><span class='ocrx_word' id='word_1_1' title='bbox 21 144 23 187; x_wconf 37' lang='lat' dir='ltr'>l</span> <span class='ocrx_word' id='word_1_2' title='bbox 70 174 140 224; x_wconf 77' lang='lat' dir='ltr'>v.257.</span> <span class='ocrx_word' id='word_1_3' title='bbox 310 172 412 214; x_wconf 80' lang='lat' dir='ltr'>LIBER</span> <span class='ocrx_word' id='word_1_4' title='bbox 428 174 445 213; x_wconf 94' lang='lat' dir='ltr'>l.</span> <span class='ocrx_word' id='word_1_5' title='bbox 671 185 696 225; x_wconf 85' lang='lat'>¹7</span> 
     </span>
    </p>
   </div>
   <div class='ocr_carea' id='block_1_2' title="bbox 21 259 674 2225">
    <p class='ocr_par' dir='ltr' id='par_1_2' title="bbox 21 259 602 317">
     <span class='ocr_line' id='line_1_2' title="bbox 21 259 602 317; baseline 0.007 -17"><span class='ocrx_word' id='word_1_6' title='bbox 21 280 22 287; x_wconf 57' lang='lat'>,</span> <span class='ocrx_word' id='word_1_7' title='bbox 69 260 111 317; x_wconf 80' lang='lat' dir='ltr'>Quo</span> <span class='ocrx_word' id='word_1_8' title='bbox 120 274 188 312; x_wconf 80' lang='lat' dir='ltr'>mare,</span> <span class='ocrx_word' id='word_1_9' title='bbox 198 274 243 315; x_wconf 83' lang='lat' dir='ltr'>qno</span> <span class='ocrx_word' id='word_1_10' title='bbox 253 259 329 311; x_wconf 84' lang='lat' dir='ltr'>tellus,</span> <span class='ocrx_word' id='word_1_11' title='bbox 338 270 481 316; x_wconf 82' lang='lat' dir='ltr'>correptaque</span> <span class='ocrx_word' id='word_1_12' title='bbox 490 261 547 317; x_wconf 75' lang='lat' dir='ltr'>regia</span> <span class='ocrx_word' id='word_1_13' title='bbox 555 260 602 305; x_wconf 82' lang='lat' dir='ltr'>eoeli</span> 
     </span>
    </p>

    <p class='ocr_par' dir='ltr' id='par_1_3' title="bbox 69 333 544 388">
     <span class='ocr_line' id='line_1_3' title="bbox 69 333 544 388; baseline 0.008 -15"><span class='ocrx_word' id='word_1_14' title='bbox 69 334 148 384; x_wconf 76' lang='lat' dir='ltr'>rideat,</span> <span class='ocrx_word' id='word_1_15' title='bbox 159 343 180 376; x_wconf 89' lang='lat' dir='ltr'>et</span> <span class='ocrx_word' id='word_1_16' title='bbox 189 333 267 376; x_wconf 90' lang='lat' dir='ltr'>mundi</span> <span class='ocrx_word' id='word_1_17' title='bbox 278 333 348 376; x_wconf 90' lang='lat' dir='ltr'>moles</span> <span class='ocrx_word' id='word_1_18' title='bbox 357 347 446 388; x_wconf 82' lang='lat' dir='ltr'>operosa</span> <span class='ocrx_word' id='word_1_19' title='bbox 455 333 544 377; x_wconf 84' lang='lat' dir='ltr'>laboret.</span> 
     </span>
    </p>

    <p class='ocr_par' dir='ltr' id='par_1_4' title="bbox 69 405 626 465">
     <span class='ocr_line' id='line_1_4' title="bbox 69 405 626 465; baseline 0.005 -18"><span class='ocrx_word' id='word_1_20' title='bbox 69 405 111 448; x_wconf 79' lang='lat' dir='ltr'>Tela</span> <span class='ocrx_word' id='word_1_21' title='bbox 121 417 265 463; x_wconf 87' lang='lat' dir='ltr'>reponuntur,</span> <span class='ocrx_word' id='word_1_22' title='bbox 276 407 378 449; x_wconf 87' lang='lat' dir='ltr'>manibus</span> <span class='ocrx_word' id='word_1_23' title='bbox 388 405 493 450; x_wconf 77' lang='lat' dir='ltr'>fabricatu</span> <span class='ocrx_word' id='word_1_24' title='bbox 501 407 626 465; x_wconf 71' lang='lat' dir='ltr'>Cyelopum.</span> 
     </span>
    </p>

    <p class='ocr_par' dir='ltr' id='par_1_5' title="bbox 21 468 608 536">
     <span class='ocr_line' id='line_1_5' title="bbox 21 468 608 536; baseline 0.009 -17"><span class='ocrx_word' id='word_1_25' title='bbox 21 468 22 475; x_wconf 36' lang='lat'>¹</span> <span class='ocrx_word' id='word_1_26' title='bbox 68 480 123 523; x_wconf 82' lang='lat' dir='ltr'>Pnna</span> <span class='ocrx_word' id='word_1_27' title='bbox 131 480 202 536; x_wconf 72' lang='lat' dir='ltr'>placet</span> <span class='ocrx_word' id='word_1_28' title='bbox 210 481 306 529; x_wconf 81' lang='lat' dir='ltr'>diversa,</span> <span class='ocrx_word' id='word_1_29' title='bbox 315 495 383 536; x_wconf 73' lang='lat' dir='ltr'>genus</span> <span class='ocrx_word' id='word_1_30' title='bbox 393 481 484 524; x_wconf 78' lang='lat' dir='ltr'>mortale</span> <span class='ocrx_word' id='word_1_31' title='bbox 493 482 535 523; x_wconf 80' lang='lat' dir='ltr'>sub</span> <span class='ocrx_word' id='word_1_32' title='bbox 544 482 608 524; x_wconf 82' lang='lat' dir='ltr'>undis</span> 
     </span>
    </p>

    <p class='ocr_par' dir='ltr' id='par_1_6' title="bbox 68 554 619 681">
     <span class='ocr_line' id='line_1_6' title="bbox 68 554 583 603; baseline 0.002 -8"><span class='ocrx_word' id='word_1_33' title='bbox 68 554 160 603; x_wconf 75' lang='lat' dir='ltr'>Perdere,</span> <span class='ocrx_word' id='word_1_34' title='bbox 170 565 227 597; x_wconf 81' lang='lat' dir='ltr'>etex</span> <span class='ocrx_word' id='word_1_35' title='bbox 237 555 298 597; x_wconf 88' lang='lat' dir='ltr'>omni</span> <span class='ocrx_word' id='word_1_36' title='bbox 309 555 396 596; x_wconf 82' lang='lat' dir='ltr'>nimbos</span> <span class='ocrx_word' id='word_1_37' title='bbox 404 556 513 598; x_wconf 79' lang='lat' dir='ltr'>dimittere</span> <span class='ocrx_word' id='word_1_38' title='bbox 523 555 583 598; x_wconf 80' lang='lat' dir='ltr'>cnlo.</span> 
     </span>
     <span class='ocr_line' id='line_1_7' title="bbox 92 626 619 681; baseline 0.006 -14"><span class='ocrx_word' id='word_1_39' title='bbox 92 626 191 669; x_wconf 81' lang='lat' dir='ltr'>Protinus</span> <span class='ocrx_word' id='word_1_40' title='bbox 200 626 272 669; x_wconf 78' lang='lat' dir='ltr'>AEoliis</span> <span class='ocrx_word' id='word_1_41' title='bbox 282 626 410 681; x_wconf 74' lang='lat' dir='ltr'>Aquilonem</span> <span class='ocrx_word' id='word_1_42' title='bbox 420 626 501 669; x_wconf 79' lang='lat' dir='ltr'>clandit</span> <span class='ocrx_word' id='word_1_43' title='bbox 510 627 532 669; x_wconf 91' lang='lat' dir='ltr'>in</span> <span class='ocrx_word' id='word_1_44' title='bbox 542 628 619 678; x_wconf 78' lang='lat' dir='ltr'>antris,</span> 
     </span>
    </p>

    <p class='ocr_par' dir='ltr' id='par_1_7' title="bbox 68 698 618 754">
     <span class='ocr_line' id='line_1_8' title="bbox 68 698 618 754; baseline -0.002 -14"><span class='ocrx_word' id='word_1_45' title='bbox 68 699 90 740; x_wconf 76' lang='lat' dir='ltr'>lt</span> <span class='ocrx_word' id='word_1_46' title='bbox 96 713 232 754; x_wconf 76' lang='lat' dir='ltr'>qntecnnqne</span> <span class='ocrx_word' id='word_1_47' title='bbox 241 698 319 753; x_wconf 75' lang='lat' dir='ltr'>fugant</span> <span class='ocrx_word' id='word_1_48' title='bbox 329 699 428 741; x_wconf 79' lang='lat' dir='ltr'>inductas</span> <span class='ocrx_word' id='word_1_49' title='bbox 437 699 527 741; x_wconf 78' lang='lat' dir='ltr'>flamina</span> <span class='ocrx_word' id='word_1_50' title='bbox 536 700 618 742; x_wconf 80' lang='lat' dir='ltr'>nubes:</span> 
     </span>
    </p>

    <p class='ocr_par' dir='ltr' id='par_1_8' title="bbox 69 770 607 828">
     <span class='ocr_line' id='line_1_9' title="bbox 69 770 607 828; baseline 0 -15"><span class='ocrx_word' id='word_1_51' title='bbox 69 773 189 828; x_wconf 79' lang='lat' dir='ltr'>Emittitque</span> <span class='ocrx_word' id='word_1_52' title='bbox 200 774 290 814; x_wconf 89' lang='lat' dir='ltr'>Notum.</span> <span class='ocrx_word' id='word_1_53' title='bbox 300 771 390 814; x_wconf 81' lang='lat' dir='ltr'>Madidis</span> <span class='ocrx_word' id='word_1_54' title='bbox 399 773 469 814; x_wconf 85' lang='lat' dir='ltr'>Notus</span> <span class='ocrx_word' id='word_1_55' title='bbox 478 770 549 814; x_wconf 83' lang='lat' dir='ltr'>evolat</span> <span class='ocrx_word' id='word_1_56' title='bbox 557 771 607 822; x_wconf 80' lang='lat' dir='ltr'>elis,</span> 
     </span>
    </p>

    <p class='ocr_par' dir='ltr' id='par_1_9' title="bbox 69 843 542 899">
     <span class='ocr_line' id='line_1_10' title="bbox 69 843 542 899; baseline 0 -14"><span class='ocrx_word' id='word_1_57' title='bbox 69 843 189 887; x_wconf 82' lang='lat' dir='ltr'>Terribilem</span> <span class='ocrx_word' id='word_1_58' title='bbox 200 843 261 899; x_wconf 84' lang='lat' dir='ltr'>picea</span> <span class='ocrx_word' id='word_1_59' title='bbox 271 853 339 886; x_wconf 85' lang='lat' dir='ltr'>tectus</span> <span class='ocrx_word' id='word_1_60' title='bbox 348 843 439 898; x_wconf 73' lang='lat' dir='ltr'>caligine</span> <span class='ocrx_word' id='word_1_61' title='bbox 449 843 542 886; x_wconf 83' lang='lat' dir='ltr'>vultum.</span> 
     </span>
    </p>

    <p class='ocr_par' dir='ltr' id='par_1_10' title="bbox 70 915 613 974">
     <span class='ocr_line' id='line_1_11' title="bbox 70 915 613 974; baseline 0.002 -15"><span class='ocrx_word' id='word_1_62' title='bbox 70 918 129 959; x_wconf 75' lang='lat' dir='ltr'>larba</span> <span class='ocrx_word' id='word_1_63' title='bbox 138 917 211 974; x_wconf 73' lang='lat' dir='ltr'>gravis</span> <span class='ocrx_word' id='word_1_64' title='bbox 221 916 312 959; x_wconf 85' lang='lat' dir='ltr'>nimbis:</span> <span class='ocrx_word' id='word_1_65' title='bbox 325 916 384 958; x_wconf 81' lang='lat' dir='ltr'>canis</span> <span class='ocrx_word' id='word_1_66' title='bbox 394 915 442 959; x_wconf 89' lang='lat' dir='ltr'>fluit</span> <span class='ocrx_word' id='word_1_67' title='bbox 452 918 510 959; x_wconf 85' lang='lat' dir='ltr'>unda</span> <span class='ocrx_word' id='word_1_68' title='bbox 518 917 613 973; x_wconf 77' lang='lat' dir='ltr'>capillis:</span> 
     </span>
    </p>

    <p class='ocr_par' dir='ltr' id='par_1_11' title="bbox 69 989 674 1047">
     <span class='ocr_line' id='line_1_12' title="bbox 69 989 674 1047; baseline 0.003 -15"><span class='ocrx_word' id='word_1_69' title='bbox 69 992 141 1034; x_wconf 81' lang='lat' dir='ltr'>Fronte</span> <span class='ocrx_word' id='word_1_70' title='bbox 150 990 228 1033; x_wconf 82' lang='lat' dir='ltr'>sedent</span> <span class='ocrx_word' id='word_1_71' title='bbox 237 989 319 1033; x_wconf 70' lang='lat' dir='ltr'>nebule</span> <span class='ocrx_word' id='word_1_72' title='bbox 328 1005 333 1030; x_wconf 92' lang='lat'>:</span> <span class='ocrx_word' id='word_1_73' title='bbox 344 999 417 1031; x_wconf 89' lang='lat' dir='ltr'>rornnt</span> <span class='ocrx_word' id='word_1_74' title='bbox 428 1003 556 1045; x_wconf 68' lang='lat' dir='ltr'>pennaeque,</span> <span class='ocrx_word' id='word_1_75' title='bbox 565 991 674 1047; x_wconf 79' lang='lat' dir='ltr'>sinusque.</span> 
     </span>
    </p>

    <p class='ocr_par' dir='ltr' id='par_1_12' title="bbox 70 1063 571 1121">
     <span class='ocr_line' id='line_1_13' title="bbox 70 1063 571 1121; baseline 0.004 -15"><span class='ocrx_word' id='word_1_76' title='bbox 70 1066 133 1121; x_wconf 84' lang='lat' dir='ltr'>litque</span> <span class='ocrx_word' id='word_1_77' title='bbox 143 1078 215 1116; x_wconf 82' lang='lat' dir='ltr'>manu</span> <span class='ocrx_word' id='word_1_78' title='bbox 224 1063 266 1107; x_wconf 82' lang='lat' dir='ltr'>lata</span> <span class='ocrx_word' id='word_1_79' title='bbox 277 1063 393 1120; x_wconf 82' lang='lat' dir='ltr'>pendentia</span> <span class='ocrx_word' id='word_1_80' title='bbox 401 1064 475 1106; x_wconf 82' lang='lat' dir='ltr'>nubila</span> <span class='ocrx_word' id='word_1_81' title='bbox 485 1065 571 1120; x_wconf 78' lang='lat' dir='ltr'>pressit,</span> 
     </span>
    </p>

    <p class='ocr_par' dir='ltr' id='par_1_13' title="bbox 70 1136 667 1195">
     <span class='ocr_line' id='line_1_14' title="bbox 70 1136 667 1195; baseline 0.003 -15"><span class='ocrx_word' id='word_1_82' title='bbox 70 1139 98 1181; x_wconf 66' lang='lat' dir='ltr'>fn</span> <span class='ocrx_word' id='word_1_83' title='bbox 106 1138 193 1195; x_wconf 72' lang='lat' dir='ltr'>fragor:</span> <span class='ocrx_word' id='word_1_84' title='bbox 205 1137 255 1179; x_wconf 88' lang='lat' dir='ltr'>binc</span> <span class='ocrx_word' id='word_1_85' title='bbox 265 1138 325 1179; x_wconf 85' lang='lat' dir='ltr'>densi</span> <span class='ocrx_word' id='word_1_86' title='bbox 335 1136 460 1180; x_wconf 86' lang='lat' dir='ltr'>funduntur</span> <span class='ocrx_word' id='word_1_87' title='bbox 467 1137 496 1179; x_wconf 84' lang='lat' dir='ltr'>ab</span> <span class='ocrx_word' id='word_1_88' title='bbox 504 1138 582 1181; x_wconf 72' lang='lat' dir='ltr'>:ethere</span> <span class='ocrx_word' id='word_1_89' title='bbox 591 1139 667 1183; x_wconf 85' lang='lat' dir='ltr'>nimbi.</span> 
     </span>
    </p>

    <p class='ocr_par' dir='ltr' id='par_1_14' title="bbox 71 1209 528 1261">
     <span class='ocr_line' id='line_1_15' title="bbox 71 1209 528 1261; baseline -0.002 -8"><span class='ocrx_word' id='word_1_90' title='bbox 71 1212 148 1255; x_wconf 80' lang='lat' dir='ltr'>Nuntia</span> <span class='ocrx_word' id='word_1_91' title='bbox 156 1211 261 1259; x_wconf 85' lang='lat' dir='ltr'>lunonis,</span> <span class='ocrx_word' id='word_1_92' title='bbox 272 1210 341 1252; x_wconf 83' lang='lat' dir='ltr'>varios</span> <span class='ocrx_word' id='word_1_93' title='bbox 350 1209 425 1252; x_wconf 81' lang='lat' dir='ltr'>induta</span> <span class='ocrx_word' id='word_1_94' title='bbox 436 1210 528 1261; x_wconf 83' lang='lat' dir='ltr'>colores,</span> 
     </span>
    </p>

    <p class='ocr_par' dir='ltr' id='par_1_15' title="bbox 71 1281 648 1341">
     <span class='ocr_line' id='line_1_16' title="bbox 71 1281 648 1341; baseline -0.003 -13"><span class='ocrx_word' id='word_1_95' title='bbox 71 1285 164 1341; x_wconf 78' lang='lat' dir='ltr'>Concipit</span> <span class='ocrx_word' id='word_1_96' title='bbox 175 1284 214 1326; x_wconf 81' lang='lat' dir='ltr'>lris</span> <span class='ocrx_word' id='word_1_97' title='bbox 224 1296 301 1338; x_wconf 82' lang='lat' dir='ltr'>aquas,</span> <span class='ocrx_word' id='word_1_98' title='bbox 311 1281 457 1338; x_wconf 83' lang='lat' dir='ltr'>alimentaque</span> <span class='ocrx_word' id='word_1_99' title='bbox 467 1283 563 1325; x_wconf 81' lang='lat' dir='ltr'>nubibus</span> <span class='ocrx_word' id='word_1_100' title='bbox 572 1282 648 1327; x_wconf 77' lang='lat' dir='ltr'>adfert.</span> 
     </span>
    </p>

    <p class='ocr_par' dir='ltr' id='par_1_16' title="bbox 71 1353 531 1410">
     <span class='ocr_line' id='line_1_17' title="bbox 71 1353 531 1410; baseline -0.013 -10"><span class='ocrx_word' id='word_1_101' title='bbox 71 1358 198 1400; x_wconf 80' lang='lat' dir='ltr'>Sternuntur</span> <span class='ocrx_word' id='word_1_102' title='bbox 207 1365 298 1410; x_wconf 71' lang='lat' dir='ltr'>segetes,</span> <span class='ocrx_word' id='word_1_103' title='bbox 308 1364 329 1396; x_wconf 89' lang='lat' dir='ltr'>et</span> <span class='ocrx_word' id='word_1_104' title='bbox 339 1353 449 1408; x_wconf 82' lang='lat' dir='ltr'>deplorata</span> <span class='ocrx_word' id='word_1_105' title='bbox 459 1353 531 1395; x_wconf 90' lang='lat' dir='ltr'>coloni</span> 
     </span>
    </p>

    <p class='ocr_par' dir='ltr' id='par_1_17' title="bbox 72 1427 611 1488">
     <span class='ocr_line' id='line_1_18' title="bbox 72 1427 611 1488; baseline -0.007 -14"><span class='ocrx_word' id='word_1_106' title='bbox 72 1431 121 1475; x_wconf 84' lang='lat' dir='ltr'>Vota</span> <span class='ocrx_word' id='word_1_107' title='bbox 128 1431 217 1488; x_wconf 83' lang='lat' dir='ltr'>jacent,</span> <span class='ocrx_word' id='word_1_108' title='bbox 227 1427 328 1487; x_wconf 76' lang='lat' dir='ltr'>longique</span> <span class='ocrx_word' id='word_1_109' title='bbox 337 1427 398 1469; x_wconf 84' lang='lat' dir='ltr'>labor</span> <span class='ocrx_word' id='word_1_110' title='bbox 406 1427 463 1483; x_wconf 90' lang='lat' dir='ltr'>perit</span> <span class='ocrx_word' id='word_1_111' title='bbox 472 1427 544 1469; x_wconf 87' lang='lat' dir='ltr'>irritus</span> <span class='ocrx_word' id='word_1_112' title='bbox 553 1428 611 1470; x_wconf 82' lang='lat' dir='ltr'>anni.</span> 
     </span>
    </p>

    <p class='ocr_par' dir='ltr' id='par_1_18' title="bbox 71 1502 577 1548">
     <span class='ocr_line' id='line_1_19' title="bbox 71 1502 577 1548; baseline -0.006 0"><span class='ocrx_word' id='word_1_113' title='bbox 71 1506 111 1548; x_wconf 76' lang='lat' dir='ltr'>lieo</span> <span class='ocrx_word' id='word_1_114' title='bbox 120 1504 175 1548; x_wconf 83' lang='lat' dir='ltr'>coelo</span> <span class='ocrx_word' id='word_1_115' title='bbox 185 1512 288 1546; x_wconf 83' lang='lat' dir='ltr'>contenta</span> <span class='ocrx_word' id='word_1_116' title='bbox 297 1516 338 1546; x_wconf 77' lang='lat' dir='ltr'>suo</span> <span class='ocrx_word' id='word_1_117' title='bbox 346 1502 403 1543; x_wconf 83' lang='lat' dir='ltr'>lovis</span> <span class='ocrx_word' id='word_1_118' title='bbox 413 1503 445 1545; x_wconf 86' lang='lat' dir='ltr'>irn</span> <span class='ocrx_word' id='word_1_119' title='bbox 454 1517 458 1541; x_wconf 94' lang='lat'>:</span> <span class='ocrx_word' id='word_1_120' title='bbox 468 1503 505 1544; x_wconf 87' lang='lat' dir='ltr'>sed</span> <span class='ocrx_word' id='word_1_121' title='bbox 514 1502 577 1545; x_wconf 89' lang='lat' dir='ltr'>illurn</span> 
     </span>
    </p>

    <p class='ocr_par' dir='ltr' id='par_1_19' title="bbox 22 1568 551 1639">
     <span class='ocr_line' id='line_1_20' title="bbox 22 1568 551 1639; baseline -0.009 -14"><span class='ocrx_word' id='word_1_122' title='bbox 22 1568 24 1577; x_wconf 50' lang='grc'>’</span> <span class='ocrx_word' id='word_1_123' title='bbox 72 1581 176 1624; x_wconf 74' lang='lat' dir='ltr'>ceruleus</span> <span class='ocrx_word' id='word_1_124' title='bbox 186 1578 253 1639; x_wconf 71' lang='lat' dir='ltr'>irater</span> <span class='ocrx_word' id='word_1_125' title='bbox 258 1577 323 1634; x_wconf 81' lang='lat' dir='ltr'>juvat</span> <span class='ocrx_word' id='word_1_126' title='bbox 332 1576 471 1620; x_wconf 78' lang='lat' dir='ltr'>auxiliaribus</span> <span class='ocrx_word' id='word_1_127' title='bbox 481 1577 551 1620; x_wconf 85' lang='lat' dir='ltr'>undis.</span> 
     </span>
    </p>

    <p class='ocr_par' dir='ltr' id='par_1_20' title="bbox 72 1651 651 1712">
     <span class='ocr_line' id='line_1_21' title="bbox 72 1651 651 1712; baseline -0.003 -14"><span class='ocrx_word' id='word_1_128' title='bbox 72 1655 178 1698; x_wconf 80' lang='lat' dir='ltr'>Convocat</span> <span class='ocrx_word' id='word_1_129' title='bbox 187 1653 223 1695; x_wconf 83' lang='lat' dir='ltr'>hic</span> <span class='ocrx_word' id='word_1_130' title='bbox 232 1651 366 1706; x_wconf 72' lang='lat' dir='ltr'>amnes3q11i</span> <span class='ocrx_word' id='word_1_131' title='bbox 376 1661 490 1707; x_wconf 83' lang='lat' dir='ltr'>postquam</span> <span class='ocrx_word' id='word_1_132' title='bbox 501 1663 555 1696; x_wconf 83' lang='lat' dir='ltr'>recta</span> <span class='ocrx_word' id='word_1_133' title='bbox 566 1654 651 1712; x_wconf 75' lang='lat' dir='ltr'>tyranni</span> 
     </span>
    </p>

    <p class='ocr_par' dir='ltr' id='par_1_21' title="bbox 72 1724 555 1782">
     <span class='ocr_line' id='line_1_22' title="bbox 72 1724 555 1782; baseline -0.004 -12"><span class='ocrx_word' id='word_1_134' title='bbox 72 1729 177 1770; x_wconf 82' lang='lat' dir='ltr'>lntmvere</span> <span class='ocrx_word' id='word_1_135' title='bbox 186 1726 232 1775; x_wconf 88' lang='lat' dir='ltr'>sui,</span> <span class='ocrx_word' id='word_1_136' title='bbox 243 1743 254 1764; x_wconf 73' lang='lat' dir='ltr'>a</span> <span class='ocrx_word' id='word_1_137' title='bbox 261 1727 310 1767; x_wconf 90' lang='lat' dir='ltr'>Non</span> <span class='ocrx_word' id='word_1_138' title='bbox 320 1734 351 1766; x_wconf 79' lang='lat' dir='ltr'>est</span> <span class='ocrx_word' id='word_1_139' title='bbox 360 1724 483 1767; x_wconf 82' lang='lat' dir='ltr'>hortamine</span> <span class='ocrx_word' id='word_1_140' title='bbox 491 1725 555 1782; x_wconf 69' lang='lat' dir='ltr'>longo</span> 
     </span>
    </p>

    <p class='ocr_par' dir='ltr' id='par_1_22' title="bbox 73 1797 601 1851">
     <span class='ocr_line' id='line_1_23' title="bbox 73 1797 601 1851; baseline -0.008 -6"><span class='ocrx_word' id='word_1_141' title='bbox 73 1803 144 1851; x_wconf 81' lang='lat' dir='ltr'>llnnc,</span> <span class='ocrx_word' id='word_1_142' title='bbox 154 1801 197 1847; x_wconf 80' lang='lat' dir='ltr'>ait.</span> <span class='ocrx_word' id='word_1_143' title='bbox 207 1800 327 1842; x_wconf 87' lang='lat' dir='ltr'>utendum:</span> <span class='ocrx_word' id='word_1_144' title='bbox 339 1797 392 1839; x_wconf 85' lang='lat' dir='ltr'>vires</span> <span class='ocrx_word' id='word_1_145' title='bbox 401 1797 507 1841; x_wconf 76' lang='lat' dir='ltr'>effundite</span> <span class='ocrx_word' id='word_1_146' title='bbox 517 1811 601 1844; x_wconf 81' lang='lat' dir='ltr'>vestras.</span> 
     </span>
    </p>

    <p class='ocr_par' dir='ltr' id='par_1_23' title="bbox 74 1873 629 1933">
     <span class='ocr_line' id='line_1_24' title="bbox 74 1873 629 1933; baseline 0 -14"><span class='ocrx_word' id='word_1_147' title='bbox 74 1877 104 1920; x_wconf 83' lang='lat' dir='ltr'>Sie</span> <span class='ocrx_word' id='word_1_148' title='bbox 113 1891 168 1933; x_wconf 81' lang='lat' dir='ltr'>opus</span> <span class='ocrx_word' id='word_1_149' title='bbox 177 1885 210 1918; x_wconf 82' lang='lat' dir='ltr'>est</span> <span class='ocrx_word' id='word_1_150' title='bbox 219 1889 224 1914; x_wconf 74' lang='grc' dir='ltr'><strong><em>ι</em></strong></span> <span class='ocrx_word' id='word_1_151' title='bbox 233 1874 314 1930; x_wconf 75' lang='lat' dir='ltr'>aperite</span> <span class='ocrx_word' id='word_1_152' title='bbox 323 1873 411 1924; x_wconf 84' lang='lat' dir='ltr'>domos,</span> <span class='ocrx_word' id='word_1_153' title='bbox 421 1887 456 1919; x_wconf 78' lang='lat' dir='ltr'>nc,</span> <span class='ocrx_word' id='word_1_154' title='bbox 467 1873 524 1917; x_wconf 88' lang='lat' dir='ltr'>mole</span> <span class='ocrx_word' id='word_1_155' title='bbox 534 1886 629 1925; x_wconf 80' lang='lat' dir='ltr'>remote,</span> 
     </span>
    </p>

    <p class='ocr_par' dir='ltr' id='par_1_24' title="bbox 74 1946 608 2009">
     <span class='ocr_line' id='line_1_25' title="bbox 74 1946 608 2009; baseline -0.013 -16"><span class='ocrx_word' id='word_1_156' title='bbox 74 1949 208 2009; x_wconf 75' lang='lat' dir='ltr'>Fluminibus</span> <span class='ocrx_word' id='word_1_157' title='bbox 219 1946 293 1991; x_wconf 78' lang='lat' dir='ltr'>vestris</span> <span class='ocrx_word' id='word_1_158' title='bbox 303 1955 359 1988; x_wconf 86' lang='lat' dir='ltr'>totns</span> <span class='ocrx_word' id='word_1_159' title='bbox 368 1946 480 1989; x_wconf 82' lang='lat' dir='ltr'>immittite</span> <span class='ocrx_word' id='word_1_160' title='bbox 488 1948 608 1991; x_wconf 77' lang='lat' dir='ltr'>habenas.»</span> 
     </span>
    </p>

    <p class='ocr_par' dir='ltr' id='par_1_25' title="bbox 75 2018 626 2069">
     <span class='ocr_line' id='line_1_26' title="bbox 75 2018 626 2069; baseline -0.009 -5"><span class='ocrx_word' id='word_1_161' title='bbox 75 2025 172 2066; x_wconf 74' lang='lat' dir='ltr'>iusserat.</span> <span class='ocrx_word' id='word_1_162' title='bbox 183 2021 207 2064; x_wconf 84' lang='lat' dir='ltr'>lli</span> <span class='ocrx_word' id='word_1_163' title='bbox 219 2021 321 2069; x_wconf 83' lang='lat' dir='ltr'>redeunt,</span> <span class='ocrx_word' id='word_1_164' title='bbox 331 2032 356 2060; x_wconf 85' lang='lat' dir='ltr'>ac</span> <span class='ocrx_word' id='word_1_165' title='bbox 365 2018 463 2061; x_wconf 80' lang='lat' dir='ltr'>fontibus</span> <span class='ocrx_word' id='word_1_166' title='bbox 472 2033 509 2061; x_wconf 82' lang='lat' dir='ltr'>orn</span> <span class='ocrx_word' id='word_1_167' title='bbox 520 2020 626 2067; x_wconf 80' lang='lat' dir='ltr'>relaxant,</span> 
     </span>
    </p>

    <p class='ocr_par' dir='ltr' id='par_1_26' title="bbox 74 2091 555 2147">
     <span class='ocr_line' id='line_1_27' title="bbox 74 2091 555 2147; baseline -0.015 -8"><span class='ocrx_word' id='word_1_168' title='bbox 74 2097 99 2139; x_wconf 79' lang='lat' dir='ltr'>lit</span> <span class='ocrx_word' id='word_1_169' title='bbox 107 2095 218 2139; x_wconf 79' lang='lat' dir='ltr'>defrenato</span> <span class='ocrx_word' id='word_1_170' title='bbox 227 2093 345 2136; x_wconf 81' lang='lat' dir='ltr'>volvuntur</span> <span class='ocrx_word' id='word_1_171' title='bbox 354 2091 377 2133; x_wconf 92' lang='lat' dir='ltr'>in</span> <span class='ocrx_word' id='word_1_172' title='bbox 387 2105 473 2147; x_wconf 73' lang='lat' dir='ltr'>aequora</span> <span class='ocrx_word' id='word_1_173' title='bbox 483 2106 555 2134; x_wconf 84' lang='lat' dir='ltr'>cursu.</span> 
     </span>
    </p>

    <p class='ocr_par' dir='ltr' id='par_1_27' title="bbox 76 2161 568 2225">
     <span class='ocr_line' id='line_1_28' title="bbox 76 2161 568 2225; baseline -0.014 -14"><span class='ocrx_word' id='word_1_174' title='bbox 76 2171 121 2225; x_wconf 84' lang='lat' dir='ltr'>lpse</span> <span class='ocrx_word' id='word_1_175' title='bbox 130 2170 220 2213; x_wconf 85' lang='lat' dir='ltr'>tridente</span> <span class='ocrx_word' id='word_1_176' title='bbox 229 2180 271 2210; x_wconf 85' lang='lat' dir='ltr'>suo</span> <span class='ocrx_word' id='word_1_177' title='bbox 282 2175 362 2208; x_wconf 85' lang='lat' dir='ltr'>terram</span> <span class='ocrx_word' id='word_1_178' title='bbox 371 2165 490 2220; x_wconf 78' lang='lat' dir='ltr'>percussit:</span> <span class='ocrx_word' id='word_1_179' title='bbox 500 2173 523 2206; x_wconf 84' lang='lat' dir='ltr'>at</span> <span class='ocrx_word' id='word_1_180' title='bbox 531 2161 568 2204; x_wconf 80' lang='lat' dir='ltr'>illa</span> 
     </span>
    </p>
   </div>
   <div class='ocr_carea' id='block_1_3' title="bbox 0 0 846 2592">
    <p class='ocr_par' dir='ltr' id='par_1_28' title="bbox 0 0 846 2592">
     <span class='ocr_line' id='line_1_29' title="bbox 0 0 846 2592; baseline 0 0"><span class='ocrx_word' id='word_1_181' title='bbox 0 0 846 2592; x_wconf 95' lang='lat' dir='ltr'> </span> 
     </span>
    </p>
   </div>
  </div>
 </body>
</html>
