1667 2592
112 181 155 224 260
264 180 597 224 METAMORPHOSEON
671 194 692 222 v.
705 181 755 234 7¹3·

112 271 167 312 Ante
177 269 255 325 gradus
264 282 326 310 sacro
334 281 405 323 quum
414 276 497 310 starent
505 265 573 316 forte,
583 266 669 321 locique

112 341 234 397 Inciperent
243 354 315 392 cesus,
326 340 427 382 frondere
437 340 562 382 Philemona
571 340 659 391 Baucis,

111 415 203 457 Baucida
213 413 323 469 conspexit
332 413 403 475 senior
412 413 513 455 frondere
521 413 643 456 Philemon.

112 489 204 542 Jamque
213 500 278 543 super
287 486 367 542 gelidos
376 495 484 530 crescente
494 487 609 529 cacumine
618 486 706 539 vultus,

113 562 201 611 Mutua,
211 562 265 603 dum
274 561 346 611 licuit,
357 562 476 604 reddebant
484 561 553 605 dicta:
564 561 675 616 aneque,

113 637 130 677 0
140 634 230 691 conjux,
241 635 312 677 dixere
321 635 387 678 simul
396 651 401 676 ε
411 634 478 678 simul
488 635 561 678 abdita
572 635 626 678 texit

113 711 155 752 Ora
163 709 241 753 frutex.
251 711 348 754 Ostendit
357 711 429 753 adhue
438 710 546 767 Tyaneius
555 709 599 752 illic

113 783 187 826 incola
196 786 222 827 de
231 785 319 840 gemino
328 784 409 827 vicinos
418 798 508 841 corpore
518 794 614 828 truncos.

115 859 163 900 llaee
173 857 227 899 mihi
236 871 282 899 non
291 858 340 899 vani
350 856 434 913 (neque
444 866 490 899 erat
499 870 539 899 cur
548 855 622 898 fallere
632 855 730 914 vellent)
766 910 768 916 Ι

115 933 234 973 Narravere
243 945 309 973 senes.
319 932 424 987 Equidem
434 931 550 987 pendentia
559 931 603 972 cidi

116 1007 176 1048 Serta
184 1019 249 1060 super
258 1019 344 1047 ramos:
354 1019 480 1061 ponensque
490 1006 594 1056 recentia,
603 1005 660 1056 dixi,

116 1081 173 1123 Cura
183 1078 212 1134 pii
222 1080 327 1130 Discunt,
337 1088 369 1131 et,
378 1080 416 1134 qui
427 1079 525 1131 coluere,
535 1078 644 1121 coluntur.
652 1096 664 1117 e

143 1229 189 1270 Xll.
201 1229 307 1270 Drsmntr
316 1241 320 1267 :
330 1236 463 1283 cunctosque
472 1238 494 1270 et
503 1241 536 1269 res
546 1236 567 1270 et
577 1237 677 1272 moverat
685 1238 776 1282 auctor,

115 1303 197 1347 Thesea
205 1303 323 1358 precipue:
334 1317 400 1358 quem
411 1302 468 1345 facta
478 1303 553 1344 audire
563 1302 674 1345 volentem

117 1375 172 1419 Mira
180 1377 260 1425 Deum,
271 1375 334 1418 nixus
343 1375 417 1418 cubito
427 1374 557 1431 Calydonius
567 1376 639 1417 amnis

116 1450 205 1493 Talibus
214 1449 351 1506 adloquitur:
362 1452 447 1501 «Sunt,
456 1464 470 1492 o
480 1449 608 1500 fortissime,
617 1463 717 1505 quorum

117 1525 195 1565 Forma
205 1522 270 1564 semel
281 1532 340 1565 mota
350 1532 392 1573 est,
402 1523 455 1565 etin
465 1522 507 1564 hoc
517 1523 659 1564 renovamine
669 1524 761 1568 mansit.

117 1601 183 1647 Sunt.
193 1598 273 1652 quibus
282 1597 304 1639 in
314 1598 386 1653 plures
392 1598 431 1654 jus
440 1608 472 1640 est
481 1598 572 1640 transire
581 1598 677 1653 figuras:

117 1673 146 1713 Ut
155 1669 205 1719 tibi,
215 1670 322 1724 complexi
332 1679 412 1712 terrem
423 1670 490 1712 maris
498 1669 581 1721 incola,
590 1672 676 1713 Protea.

118 1746 176 1788 Nam
186 1744 252 1784 modo
262 1752 282 1784 te
288 1744 404 1798 juvenem,
415 1744 482 1786 modo
492 1754 513 1787 te
522 1743 593 1786 cidere
601 1743 702 1798 leonem;

117 1822 182 1862 Nunc
191 1818 297 1861 violentus
307 1832 364 1874 aper,
374 1833 445 1867 nunc,
454 1833 521 1875 quam
532 1819 624 1874 tetigisse
634 1819 751 1872 timerent,

118 1893 199 1949 Anguis
208 1906 265 1941 eras,
276 1892 341 1934 modo
351 1902 371 1934 te
381 1891 491 1935 faciebant
500 1905 582 1935 cornua
593 1902 692 1935 taurum.

117 1968 176 2021 Saepe
186 1965 238 2020 lapis
248 1973 344 2020 poteras,
354 1966 419 2007 arhor
427 1978 515 2021 quoque
524 1979 579 2021 sape
588 1965 663 2007 videri.

118 2038 243 2087 interdum,
253 2035 332 2079 faeiem
342 2037 478 2096 liquidarum⁴
485 2038 584 2080 imitatus
593 2050 718 2092 aquarum,

118 2111 210 2154 Flumen
219 2124 277 2164 eras5
286 2111 398 2156 interdum
408 2112 473 2155 undis
482 2111 604 2157 contrarius
614 2111 677 2167 ignis.
