1667 2592
99 194 138 235 ns
246 193 572 236 METtMotnuoseon
643 206 663 235 v.
676 195 725 235 ⁵55.

96 281 147 332 Illa,
157 294 234 324 manus
243 290 268 324 ut
277 281 332 324 forte
342 283 460 324 tetenderat
469 282 491 324 in
501 280 566 324 maris
574 280 654 333 undas,

97 357 164 397 saxea
173 354 230 397 facta
240 368 317 396 manus
326 355 349 396 in
358 356 443 397 easdem
453 354 541 410 porrigit
550 355 632 397 undas:

98 428 179 483 Hujus,
189 437 214 470 ut
222 438 332 484 arreptum
342 427 438 470 laniabat
447 427 524 469 vertice
534 426 627 479 crinem,

99 502 190 543 Duratos
199 501 271 543 subito
279 500 356 556 digitus
365 501 388 542 in
397 501 455 542 crine
464 501 551 543 videres.

99 575 148 629 Quo
157 568 247 628 qunque
257 575 279 615 in
289 585 349 629 gestu
359 573 505 629 deprenditur,
515 572 575 615 hesit
584 572 607 614 in
616 572 660 615 illo.

100 649 151 689 Pars
161 646 256 689 volucres
265 647 337 697 factm
346 661 394 702 quas
403 661 461 689 nunc
469 660 555 702 qnoque
564 646 647 703 gurgite
655 646 679 688 in
687 645 724 689 illo

103 722 194 776 AEquora
202 720 338 777 destringunt
347 720 439 762 summis
447 719 563 762 Ismenides
572 718 618 762 alis.

132 869 159 910 X.
171 870 251 911 Niseia
260 869 397 924 Agenorides,
407 877 480 910 natam
490 879 624 924 parvumque
632 874 734 922 nepotem

106 940 202 995 Funeris
211 954 255 982 esse
265 942 327 982 deos:
338 941 399 983 luctu
408 940 503 993 serieque
513 938 621 1001 malorum

106 1013 193 1062 Victus,
203 1023 225 1056 et
234 1014 333 1062 ostentis,
341 1027 389 1068 qua
398 1013 491 1069 plurima
501 1013 592 1063 viderat,
601 1011 645 1055 exit

107 1086 211 1131 Conditor
218 1087 272 1128 urbe
281 1100 328 1134 sua;
341 1096 445 1141 tanquam
456 1086 542 1128 fortuna
551 1086 660 1137 locorum,

108 1161 158 1202 Non
167 1173 207 1201 sua
215 1173 237 1201 se
247 1169 365 1214 premeret:
375 1159 486 1215 longisque
495 1159 601 1201 erratibus
610 1168 671 1201 aetus

109 1230 203 1286 Contigit
212 1230 316 1287 illyricos,
326 1230 417 1286 profuga
426 1245 477 1273 cum
487 1231 589 1287 conjuge,
600 1230 660 1272 fines.

109 1306 202 1360 Jamque
211 1304 274 1346 malis
283 1305 386 1359 annisque
395 1318 479 1360 graves,
488 1305 542 1345 dum
552 1304 623 1359 prima
632 1311 749 1346 retractant

112 1380 164 1421 Fata
173 1379 262 1427 domus,
272 1378 411 1433 releguntque
420 1390 470 1419 suos
480 1391 578 1418 sermone
588 1377 683 1419 labores:

113 1468 126 1491 s
133 1454 192 1494 Num
201 1465 260 1494 sacer
269 1452 304 1493 ille
314 1466 361 1493 mea
372 1450 473 1506 trajeotus
482 1451 569 1506 cuspide
578 1464 675 1506 serpens,

113 1526 209 1568 Cadmus
218 1525 258 1571 ait.
268 1525 344 1573 fuerit3
354 1534 413 1573 tum,
423 1537 491 1578 quum
501 1523 578 1564 Sidone
587 1521 696 1579 profectus

115 1597 217 1653 Vipereos
225 1597 292 1652 sparsi
302 1610 339 1651 per
348 1597 454 1646 humum,
463 1609 519 1637 nova
528 1595 621 1647 semina,
631 1597 717 1639 dentesi

115 1671 187 1726 Quem
197 1670 214 1710 si
223 1681 275 1710 cura
285 1670 351 1710 Deum
362 1678 405 1710 tem
415 1678 473 1710 certa
484 1668 577 1710 vindicat
586 1668 630 1718 ira,

118 1745 166 1798 lpse
174 1754 249 1797 precer
257 1753 353 1795 serpens.
363 1741 385 1782 in
394 1740 480 1796 longam
490 1739 587 1795 porrigar
595 1739 675 1782 alvum.
681 1756 694 1779 s

148 1815 216 1858 Dixit:
226 1824 258 1865 et,
267 1823 292 1856 ut
300 1828 396 1870 serpens.
406 1815 429 1856 in
438 1813 525 1869 longam
536 1814 631 1856 tenditur
639 1814 726 1867 alvum

121 1891 247 1942 durataque
255 1886 300 1929 cuti
311 1900 411 1940 squamas
420 1886 535 1928 increscere
545 1886 619 1937 sentit,

120 1963 229 2017 Nigraque
237 1959 331 2001 caeruleis
340 1959 416 2001 variari
425 1972 514 2014 corpora
523 1958 599 2013 guttim

123 2038 147 2078 ln
158 2044 273 2091 pectusque
282 2032 338 2074 eadit
346 2045 439 2087 pronus:
450 2030 606 2085 commissaque
615 2029 638 2071 in
647 2043 719 2072 unum

124 2108 230 2151 Paulatim
239 2107 299 2149 tereti
308 2105 422 2147 sinuantur
431 2105 530 2147 acumine
539 2116 607 2145 crura.

124 2180 265 2238 Braeltiajam
275 2189 366 2224 restant:
376 2192 424 2238 qun
432 2187 523 2232 restam,
533 2176 620 2221 brachia
629 2175 709 2229 tendit3
