1667 2592
51 178 71 208 r.
84 166 136 208 311.
277 170 376 214 lim
394 172 469 215 Vlll.
649 169 691 221 ²45

49 255 146 312 Impiger
154 258 271 316 Eurytion,
280 270 301 304 et
310 275 376 304 cursu
384 261 477 306 invictus
485 259 577 311 Echion,

51 330 202 388 Naryciusque
211 333 283 385 Lelex,
294 336 459 391 Panopeusque,
469 335 600 392 Hyleusque,
609 330 712 387 feroxque

49 402 171 460 Hippasus,
180 416 202 450 et
210 407 287 463 primis
296 408 418 452 etiamnum
427 412 505 453 Nestor
514 409 536 451 in
546 408 619 451 armis.

40 479 78 522 ‘Et
86 493 143 535 quos
153 480 278 538 Hippocoon
287 484 383 540 antiquis
392 484 452 527 misit
461 483 565 541 Amyclis3

51 552 212 610 Penelopesque
220 570 292 606 socer,
301 570 353 601 cnm
362 558 475 600 Parrhasio
484 563 572 606 suono,

52 626 109 682 Amp
124 626 225 685 ridesque
232 643 307 685 seyen,
317 640 338 673 et
347 630 420 683 adhuc
429 645 442 671 a
451 629 544 686 conjuge
554 637 614 672 tutus

52 639 309 817 mildffmfflsslu‘
318 704 383 747 decus
392 706 478 761 Tegean
488 704 559 762 Lycei.
682 726 685 731 «

53 774 153 817 llasilish
179 790 311 821 csummarn
322 778 438 821 mordebat
446 776 516 820 fibula
525 785 616 825 vestem,

53 847 124 890 Crinis
133 831 180 892 era⁰t
188 850 290 906 simplex,
300 851 384 893 nodum
394 849 496 893 collectus
505 849 529 891 iu
539 861 620 891 unum:

55 922 85 965 Ex
94 906 294 979 hnmeffpendens
303 925 418 967 resonabat
427 925 524 966 eburnea
532 921 585 965 lavo

58 995 162 1039 Telorum
172 1008 257 1041 custos:
267 1013 343 1042 arcum
353 1013 441 1056 qnoque
450 999 502 1042 laera
513 998 605 1041 tenebat.

58 1071 117 1114 Talis
127 1082 174 1113 erat
183 1072 269 1117 cultus:
280 1073 356 1125 facies,
366 1089 434 1131 qnam
443 1074 514 1116 dicere
523 1085 572 1114 rere

57 1144 184 1200 virgineam
193 1146 216 1188 in
225 1161 305 1203 puero,
314 1147 420 1205 puerilem
430 1147 454 1188 in
463 1145 544 1202 riryine
553 1144 627 1200 possis.

59 1221 120 1263 llano
129 1220 210 1275 pariter
219 1221 283 1270 vidit,
294 1221 374 1277 pariter
382 1220 513 1277 Calydonius
522 1219 586 1260 heros

59 1294 158 1352 Optavit,
168 1305 272 1338 renuente
282 1298 336 1346 lle03
345 1295 489 1350 flammasque
498 1293 589 1336 latentes

60 1367 148 1419 Hausit,
157 1377 189 1418 et,
201 1369 235 1410 «0
245 1366 307 1419 felix,
316 1367 334 1409 si
343 1380 409 1423 quem
420 1365 556 1422 dignabitur,
565 1364 647 1421 inquit,

59 1443 104 1485 Ista
113 1440 197 1484 virum!
205 1459 216 1480 n
227 1443 271 1485 Nec
280 1441 343 1499 plura
351 1441 427 1484 sinunt
437 1450 565 1496 tempusque
574 1440 688 1496 pudorque

61 1515 150 1559 Dicere:
161 1514 233 1570 majus
242 1528 297 1572 opus
307 1515 381 1571 mayui
390 1513 516 1557 certaminis
525 1522 594 1569 urget.

92 1590 150 1633 Silva
159 1589 260 1646 frequens
271 1591 379 1640 trabibus,
389 1604 455 1646 quam
466 1588 527 1631 nulla
535 1589 641 1633 ceciderat
649 1598 712 1641 ates,

63 1664 144 1722 Incipit
153 1678 166 1709 a
175 1664 252 1721 plano,
261 1665 383 1725 devexaque
392 1664 495 1722 prospicit
505 1677 563 1706 arva.

63 1742 113 1799 Quo
123 1747 241 1795 postquam
250 1752 327 1781 venere
336 1738 387 1789 viri,
396 1753 447 1795 pars
456 1736 508 1781 retia
519 1738 625 1781 tendunt:

63 1812 160 1858 Vincula
169 1826 219 1869 pars
228 1812 329 1859 adimunt
338 1813 442 1856 canibus:
453 1824 503 1869 pars
511 1823 585 1867 pressa
593 1818 717 1865 sequuntur

61 1887 129 1943 Siyna
139 1886 235 1943 pedum:
245 1885 382 1942 cupiuntque
391 1898 457 1928 sunm
467 1883 560 1939 reperire
569 1881 684 1938 periclum.

64 1964 167 2006 concava
176 1959 237 2003 vellis
246 1970 304 2010 erat,
313 1974 358 2016 qua
366 1974 389 2002 se
400 1959 515 2002 demittere
524 1956 564 1998 rivi

64 2036 188 2079 Adsucrant
197 2032 297 2089 pluvialis
305 2047 379 2089 aqna:
391 2041 450 2075 tenet
458 2031 503 2072 ima
513 2028 595 2070 lacuna

66 2113 135 2154 Lenta
144 2107 210 2165 salix,
220 2106 317 2163 ulvaeque
327 2106 393 2158 leves,
400 2104 507 2162 juncique
516 2099 633 2157 palustres,

66 2180 211 2237 viminaque,
221 2189 244 2225 et
251 2178 316 2237 longa
326 2191 397 2236 parre
405 2177 447 2221 sub
457 2173 564 2219 arundine
572 2186 655 2217 canate.
