<?xml version="1.0" encoding="UTF-8"?>
<!DOCTYPE html PUBLIC "-//W3C//DTD XHTML 1.0 Transitional//EN"
    "http://www.w3.org/TR/xhtml1/DTD/xhtml1-transitional.dtd">
<html xmlns="http://www.w3.org/1999/xhtml" xml:lang="en" lang="en">
 <head>
  <title>
</title>
<meta http-equiv="Content-Type" content="text/html;charset=utf-8" />
  <meta name='ocr-system' content='tesseract 3.04.00' />
  <meta name='ocr-capabilities' content='ocr_page ocr_carea ocr_par ocr_line ocrx_word'/>
</head>
<body>
  <div class='ocr_page' id='page_1' title='image "./opera00accugoog/opera00accugoog_0192.png"; bbox 0 0 1667 2592; ppageno 0'>
   <div class='ocr_carea' id='block_1_1' title="bbox 96 179 736 224">
    <p class='ocr_par' dir='ltr' id='par_1_1' title="bbox 96 179 736 224">
     <span class='ocr_line' id='line_1_1' title="bbox 96 179 736 224; baseline -0.006 0"><span class='ocrx_word' id='word_1_1' title='bbox 96 185 136 224; x_wconf 84' lang='lat'>180</span> <span class='ocrx_word' id='word_1_2' title='bbox 247 179 578 224; x_wconf 73' lang='lat' dir='ltr'>lllETAMORl’HOSEON</span> <span class='ocrx_word' id='word_1_3' title='bbox 651 179 736 221; x_wconf 58' lang='lat' dir='ltr'>matt.</span> 
     </span>
    </p>
   </div>
   <div class='ocr_carea' id='block_1_2' title="bbox 70 268 715 1197">
    <p class='ocr_par' dir='ltr' id='par_1_2' title="bbox 94 268 546 325">
     <span class='ocr_line' id='line_1_2' title="bbox 94 268 546 325; baseline -0.007 -14"><span class='ocrx_word' id='word_1_4' title='bbox 94 268 165 311; x_wconf 82' lang='lat' dir='ltr'>Edidit</span> <span class='ocrx_word' id='word_1_5' title='bbox 174 268 240 312; x_wconf 85' lang='lat' dir='ltr'>iuvita</span> <span class='ocrx_word' id='word_1_6' title='bbox 250 269 347 325; x_wconf 73' lang='lat' dir='ltr'>geminos</span> <span class='ocrx_word' id='word_1_7' title='bbox 357 272 439 311; x_wconf 85' lang='lat' dir='ltr'>Latona</span> <span class='ocrx_word' id='word_1_8' title='bbox 448 281 546 310; x_wconf 79' lang='lat' dir='ltr'>noverca.</span> 
     </span>
    </p>

    <p class='ocr_par' dir='ltr' id='par_1_3' title="bbox 70 339 715 620">
     <span class='ocr_line' id='line_1_3' title="bbox 94 339 658 399; baseline -0.002 -15"><span class='ocrx_word' id='word_1_9' title='bbox 94 344 147 384; x_wconf 86' lang='lat' dir='ltr'>ilinc</span> <span class='ocrx_word' id='word_1_10' title='bbox 156 358 243 399; x_wconf 85' lang='lat' dir='ltr'>quoque</span> <span class='ocrx_word' id='word_1_11' title='bbox 253 345 362 385; x_wconf 84' lang='lat' dir='ltr'>lunonem</span> <span class='ocrx_word' id='word_1_12' title='bbox 372 341 452 397; x_wconf 65' lang='lat' dir='ltr'>fugisse</span> <span class='ocrx_word' id='word_1_13' title='bbox 461 354 567 397; x_wconf 77' lang='lat' dir='ltr'>puerpera</span> <span class='ocrx_word' id='word_1_14' title='bbox 576 339 658 395; x_wconf 80' lang='lat' dir='ltr'>fertur;</span> 
     </span>
     <span class='ocr_line' id='line_1_4' title="bbox 94 415 637 472; baseline -0.006 -14"><span class='ocrx_word' id='word_1_15' title='bbox 94 419 162 472; x_wconf 81' lang='lat' dir='ltr'><strong>Inque</strong></span> <span class='ocrx_word' id='word_1_16' title='bbox 172 431 212 459; x_wconf 89' lang='lat' dir='ltr'>suo</span> <span class='ocrx_word' id='word_1_17' title='bbox 222 426 317 472; x_wconf 87' lang='lat' dir='ltr'>portasse</span> <span class='ocrx_word' id='word_1_18' title='bbox 327 416 389 467; x_wconf 88' lang='lat' dir='ltr'>sinu,</span> <span class='ocrx_word' id='word_1_19' title='bbox 398 416 443 458; x_wconf 91' lang='lat' dir='ltr'>duo</span> <span class='ocrx_word' id='word_1_20' title='bbox 453 415 556 466; x_wconf 85' lang='lat' dir='ltr'>numina,</span> <span class='ocrx_word' id='word_1_21' title='bbox 566 423 637 456; x_wconf 86' lang='lat' dir='ltr'>natos.</span> 
     </span>
     <span class='ocr_line' id='line_1_5' title="bbox 95 488 715 545; baseline -0.003 -14"><span class='ocrx_word' id='word_1_22' title='bbox 95 492 187 545; x_wconf 81' lang='lat' dir='ltr'>Jamque</span> <span class='ocrx_word' id='word_1_23' title='bbox 195 489 357 539; x_wconf 68' lang='lat' dir='ltr'>Chimaeriferae,</span> <span class='ocrx_word' id='word_1_24' title='bbox 367 503 438 545; x_wconf 83' lang='lat' dir='ltr'>quum</span> <span class='ocrx_word' id='word_1_25' title='bbox 447 488 479 529; x_wconf 91' lang='lat' dir='ltr'>sol</span> <span class='ocrx_word' id='word_1_26' title='bbox 489 488 558 544; x_wconf 68' lang='lat' dir='ltr'>pravis</span> <span class='ocrx_word' id='word_1_27' title='bbox 568 497 641 530; x_wconf 88' lang='lat' dir='ltr'>ureret</span> <span class='ocrx_word' id='word_1_28' title='bbox 649 501 702 530; x_wconf 81' lang='lat' dir='ltr'>arta</span> <span class='ocrx_word' id='word_1_29' title='bbox 708 521 715 541; x_wconf 92' lang='lat'>,</span> 
     </span>
     <span class='ocr_line' id='line_1_6' title="bbox 70 560 587 620; baseline -0.004 -16"><span class='ocrx_word' id='word_1_30' title='bbox 70 560 73 565; x_wconf 70' lang='grc'><strong>’</strong></span> <span class='ocrx_word' id='word_1_31' title='bbox 95 563 184 605; x_wconf 85' lang='lat' dir='ltr'>Finibus</span> <span class='ocrx_word' id='word_1_32' title='bbox 193 563 216 605; x_wconf 91' lang='lat' dir='ltr'>in</span> <span class='ocrx_word' id='word_1_33' title='bbox 225 563 302 620; x_wconf 71' lang='lat' dir='ltr'>Lyciae,</span> <span class='ocrx_word' id='word_1_34' title='bbox 312 562 377 617; x_wconf 73' lang='lat' dir='ltr'>longo</span> <span class='ocrx_word' id='word_1_35' title='bbox 387 565 429 604; x_wconf 82' lang='lat' dir='ltr'>uea</span> <span class='ocrx_word' id='word_1_36' title='bbox 438 561 493 602; x_wconf 80' lang='lat' dir='ltr'>fessa</span> <span class='ocrx_word' id='word_1_37' title='bbox 502 561 587 612; x_wconf 83' lang='lat' dir='ltr'>labore,</span> 
     </span>
    </p>

    <p class='ocr_par' dir='ltr' id='par_1_4' title="bbox 95 626 543 689">
     <span class='ocr_line' id='line_1_7' title="bbox 95 626 543 689; baseline -0.004 -13"><span class='ocrx_word' id='word_1_38' title='bbox 95 636 181 677; x_wconf 77' lang='lat' dir='ltr'>Siderea</span> <span class='ocrx_word' id='word_1_39' title='bbox 189 637 267 678; x_wconf 87' lang='lat' dir='ltr'>siccata</span> <span class='ocrx_word' id='word_1_40' title='bbox 277 635 334 676; x_wconf 88' lang='lat' dir='ltr'>sitim</span> <span class='ocrx_word' id='word_1_41' title='bbox 344 634 430 689; x_wconf 70' lang='lat' dir='ltr'>collegit</span> <span class='ocrx_word' id='word_1_42' title='bbox 439 635 467 674; x_wconf 84' lang='lat' dir='ltr'>ab</span> <span class='ocrx_word' id='word_1_43' title='bbox 476 626 543 676; x_wconf 75' lang='lat' dir='ltr'>aestu:</span> 
     </span>
    </p>

    <p class='ocr_par' dir='ltr' id='par_1_5' title="bbox 96 708 570 765">
     <span class='ocr_line' id='line_1_8' title="bbox 96 708 570 765; baseline -0.008 -13"><span class='ocrx_word' id='word_1_44' title='bbox 96 712 208 765; x_wconf 85' lang='lat' dir='ltr'>Uberaque</span> <span class='ocrx_word' id='word_1_45' title='bbox 219 711 331 752; x_wconf 87' lang='lat' dir='ltr'>ebiberant</span> <span class='ocrx_word' id='word_1_46' title='bbox 340 709 396 752; x_wconf 82' lang='lat' dir='ltr'>aridi</span> <span class='ocrx_word' id='word_1_47' title='bbox 404 708 508 751; x_wconf 86' lang='lat' dir='ltr'>lactantia</span> <span class='ocrx_word' id='word_1_48' title='bbox 517 708 570 750; x_wconf 89' lang='lat' dir='ltr'>uati.</span> 
     </span>
    </p>

    <p class='ocr_par' dir='ltr' id='par_1_6' title="bbox 98 780 698 1197">
     <span class='ocr_line' id='line_1_9' title="bbox 126 780 658 838; baseline -0.004 -11"><span class='ocrx_word' id='word_1_49' title='bbox 126 787 189 827; x_wconf 81' lang='lat' dir='ltr'>Forte</span> <span class='ocrx_word' id='word_1_50' title='bbox 198 784 271 826; x_wconf 80' lang='lat' dir='ltr'>lacum</span> <span class='ocrx_word' id='word_1_51' title='bbox 282 783 377 825; x_wconf 77' lang='lat' dir='ltr'>melioris</span> <span class='ocrx_word' id='word_1_52' title='bbox 386 796 448 838; x_wconf 74' lang='lat' dir='ltr'>aquae</span> <span class='ocrx_word' id='word_1_53' title='bbox 457 781 566 838; x_wconf 75' lang='lat' dir='ltr'>prospexit</span> <span class='ocrx_word' id='word_1_54' title='bbox 574 781 598 823; x_wconf 89' lang='lat' dir='ltr'>iu</span> <span class='ocrx_word' id='word_1_55' title='bbox 607 780 658 825; x_wconf 84' lang='lat' dir='ltr'>imis</span> 
     </span>
     <span class='ocr_line' id='line_1_10' title="bbox 98 855 692 917; baseline -0.01 -16"><span class='ocrx_word' id='word_1_56' title='bbox 98 858 196 901; x_wconf 87' lang='lat' dir='ltr'>Vallibus</span> <span class='ocrx_word' id='word_1_57' title='bbox 205 875 209 899; x_wconf 93' lang='lat'><strong>:</strong></span> <span class='ocrx_word' id='word_1_58' title='bbox 220 867 312 913; x_wconf 69' lang='lat' dir='ltr'>agrestes</span> <span class='ocrx_word' id='word_1_59' title='bbox 321 857 364 898; x_wconf 87' lang='lat' dir='ltr'>illie</span> <span class='ocrx_word' id='word_1_60' title='bbox 374 855 479 898; x_wconf 80' lang='lat' dir='ltr'>fruticosa</span> <span class='ocrx_word' id='word_1_61' title='bbox 488 855 587 910; x_wconf 72' lang='lat' dir='ltr'>legebant</span> <span class='ocrx_word' id='word_1_62' title='bbox 689 910 692 917; x_wconf 21' lang='grc' dir='ltr'>ί</span> 
     </span>
     <span class='ocr_line' id='line_1_11' title="bbox 98 928 698 988; baseline -0.005 -13"><span class='ocrx_word' id='word_1_63' title='bbox 98 933 187 975; x_wconf 85' lang='lat' dir='ltr'>Vimiua</span> <span class='ocrx_word' id='word_1_64' title='bbox 197 947 248 974; x_wconf 85' lang='lat' dir='ltr'>eum</span> <span class='ocrx_word' id='word_1_65' title='bbox 255 948 264 988; x_wconf 86' lang='lat' dir='ltr'>J</span> <span class='ocrx_word' id='word_1_66' title='bbox 269 932 340 980; x_wconf 80' lang='lat' dir='ltr'>uncis¹</span> <span class='ocrx_word' id='word_1_67' title='bbox 351 941 479 986; x_wconf 73' lang='lat' dir='ltr'><strong>gratamque</strong></span> <span class='ocrx_word' id='word_1_68' title='bbox 489 930 605 986; x_wconf 88' lang='lat' dir='ltr'>paludibus</span> <span class='ocrx_word' id='word_1_69' title='bbox 614 928 698 973; x_wconf 78' lang='lat' dir='ltr'>ultam.</span> 
     </span>
     <span class='ocr_line' id='line_1_12' title="bbox 100 1005 574 1062; baseline -0.008 -12"><span class='ocrx_word' id='word_1_70' title='bbox 100 1007 202 1057; x_wconf 79' lang='lat' dir='ltr'>Accessit,</span> <span class='ocrx_word' id='word_1_71' title='bbox 211 1007 323 1062; x_wconf 86' lang='lat' dir='ltr'>positoque</span> <span class='ocrx_word' id='word_1_72' title='bbox 333 1019 390 1061; x_wconf 79' lang='lat' dir='ltr'>genu</span> <span class='ocrx_word' id='word_1_73' title='bbox 399 1005 484 1047; x_wconf 77' lang='lat' dir='ltr'>Titania</span> <span class='ocrx_word' id='word_1_74' title='bbox 495 1015 574 1047; x_wconf 87' lang='lat' dir='ltr'>terram</span> 
     </span>
     <span class='ocr_line' id='line_1_13' title="bbox 99 1080 615 1136; baseline -0.006 -11"><span class='ocrx_word' id='word_1_75' title='bbox 99 1082 186 1131; x_wconf 83' lang='lat' dir='ltr'>Pressit,</span> <span class='ocrx_word' id='word_1_76' title='bbox 197 1091 222 1123; x_wconf 88' lang='lat' dir='ltr'>ut</span> <span class='ocrx_word' id='word_1_77' title='bbox 230 1082 327 1123; x_wconf 79' lang='lat' dir='ltr'>hauriret</span> <span class='ocrx_word' id='word_1_78' title='bbox 336 1081 415 1136; x_wconf 79' lang='lat' dir='ltr'>gelidos</span> <span class='ocrx_word' id='word_1_79' title='bbox 426 1091 505 1136; x_wconf 87' lang='lat' dir='ltr'>potura</span> <span class='ocrx_word' id='word_1_80' title='bbox 514 1080 615 1136; x_wconf 79' lang='lat' dir='ltr'>liquores.</span> 
     </span>
     <span class='ocr_line' id='line_1_14' title="bbox 100 1152 639 1197; baseline -0.007 0"><span class='ocrx_word' id='word_1_81' title='bbox 100 1154 186 1197; x_wconf 76' lang='lat' dir='ltr'>Rustica</span> <span class='ocrx_word' id='word_1_82' title='bbox 196 1154 259 1195; x_wconf 85' lang='lat' dir='ltr'>turha</span> <span class='ocrx_word' id='word_1_83' title='bbox 268 1162 348 1196; x_wconf 84' lang='lat' dir='ltr'>vetant.</span> <span class='ocrx_word' id='word_1_84' title='bbox 358 1154 400 1194; x_wconf 86' lang='lat' dir='ltr'>Dea</span> <span class='ocrx_word' id='word_1_85' title='bbox 409 1152 439 1194; x_wconf 87' lang='lat' dir='ltr'>sic</span> <span class='ocrx_word' id='word_1_86' title='bbox 448 1152 521 1195; x_wconf 80' lang='lat' dir='ltr'>adfata</span> <span class='ocrx_word' id='word_1_87' title='bbox 532 1162 639 1195; x_wconf 83' lang='lat' dir='ltr'>vetantes:</span> 
     </span>
    </p>
   </div>
   <div class='ocr_carea' id='block_1_3' title="bbox 102 1228 710 1286">
    <p class='ocr_par' dir='ltr' id='par_1_7' title="bbox 102 1228 710 1286">
     <span class='ocr_line' id='line_1_15' title="bbox 102 1228 710 1286; baseline 0.005 -18"><span class='ocrx_word' id='word_1_88' title='bbox 102 1230 176 1286; x_wconf 81' lang='lat' dir='ltr'>«Quid</span> <span class='ocrx_word' id='word_1_89' title='bbox 186 1228 304 1285; x_wconf 88' lang='lat' dir='ltr'>prohibetis</span> <span class='ocrx_word' id='word_1_90' title='bbox 314 1228 387 1283; x_wconf 75' lang='lat' dir='ltr'>aquis?</span> <span class='ocrx_word' id='word_1_91' title='bbox 397 1242 448 1271; x_wconf 86' lang='lat' dir='ltr'>usus</span> <span class='ocrx_word' id='word_1_92' title='bbox 458 1228 582 1271; x_wconf 84' lang='lat' dir='ltr'>communis</span> <span class='ocrx_word' id='word_1_93' title='bbox 591 1241 710 1283; x_wconf 86' lang='lat' dir='ltr'>aquarum.</span> 
     </span>
    </p>
   </div>
   <div class='ocr_carea' id='block_1_4' title="bbox 101 1300 724 1871">
    <p class='ocr_par' dir='ltr' id='par_1_8' title="bbox 101 1300 633 1358">
     <span class='ocr_line' id='line_1_16' title="bbox 101 1300 633 1358; baseline -0.006 -12"><span class='ocrx_word' id='word_1_94' title='bbox 101 1306 146 1346; x_wconf 86' lang='lat' dir='ltr'>Nec</span> <span class='ocrx_word' id='word_1_95' title='bbox 156 1303 223 1346; x_wconf 84' lang='lat' dir='ltr'>solem</span> <span class='ocrx_word' id='word_1_96' title='bbox 232 1303 347 1358; x_wconf 86' lang='lat' dir='ltr'>proprium</span> <span class='ocrx_word' id='word_1_97' title='bbox 358 1304 453 1351; x_wconf 85' lang='lat' dir='ltr'>Natura,</span> <span class='ocrx_word' id='word_1_98' title='bbox 463 1315 502 1343; x_wconf 87' lang='lat' dir='ltr'>uec</span> <span class='ocrx_word' id='word_1_99' title='bbox 512 1314 562 1343; x_wconf 85' lang='lat' dir='ltr'>aera</span> <span class='ocrx_word' id='word_1_100' title='bbox 571 1300 633 1351; x_wconf 83' lang='lat' dir='ltr'>lecit,</span> 
     </span>
    </p>

    <p class='ocr_par' dir='ltr' id='par_1_9' title="bbox 102 1373 626 1430">
     <span class='ocr_line' id='line_1_17' title="bbox 102 1373 626 1430; baseline -0.006 -11"><span class='ocrx_word' id='word_1_101' title='bbox 102 1378 147 1419; x_wconf 87' lang='lat' dir='ltr'>Nec</span> <span class='ocrx_word' id='word_1_102' title='bbox 159 1387 232 1419; x_wconf 84' lang='lat' dir='ltr'>tenues</span> <span class='ocrx_word' id='word_1_103' title='bbox 242 1377 324 1418; x_wconf 87' lang='lat' dir='ltr'>undas:</span> <span class='ocrx_word' id='word_1_104' title='bbox 334 1375 361 1416; x_wconf 85' lang='lat' dir='ltr'>ad</span> <span class='ocrx_word' id='word_1_105' title='bbox 371 1374 460 1430; x_wconf 86' lang='lat' dir='ltr'>publiea</span> <span class='ocrx_word' id='word_1_106' title='bbox 469 1388 561 1416; x_wconf 84' lang='lat' dir='ltr'>munera</span> <span class='ocrx_word' id='word_1_107' title='bbox 570 1373 626 1416; x_wconf 84' lang='lat' dir='ltr'>veui.</span> 
     </span>
    </p>

    <p class='ocr_par' dir='ltr' id='par_1_10' title="bbox 102 1446 724 1650">
     <span class='ocr_line' id='line_1_18' title="bbox 102 1446 724 1506; baseline 0 -15"><span class='ocrx_word' id='word_1_108' title='bbox 102 1451 154 1506; x_wconf 79' lang='lat' dir='ltr'>Quae</span> <span class='ocrx_word' id='word_1_109' title='bbox 165 1458 238 1490; x_wconf 87' lang='lat' dir='ltr'>tamen</span> <span class='ocrx_word' id='word_1_110' title='bbox 248 1457 272 1489; x_wconf 86' lang='lat' dir='ltr'>ut</span> <span class='ocrx_word' id='word_1_111' title='bbox 281 1447 346 1496; x_wconf 88' lang='lat' dir='ltr'>detis,</span> <span class='ocrx_word' id='word_1_112' title='bbox 356 1446 446 1502; x_wconf 79' lang='lat' dir='ltr'>supplex</span> <span class='ocrx_word' id='word_1_113' title='bbox 458 1455 514 1502; x_wconf 89' lang='lat' dir='ltr'>peto.</span> <span class='ocrx_word' id='word_1_114' title='bbox 525 1448 575 1487; x_wconf 87' lang='lat' dir='ltr'>Non</span> <span class='ocrx_word' id='word_1_115' title='bbox 584 1460 624 1502; x_wconf 76' lang='lat' dir='ltr'>ego</span> <span class='ocrx_word' id='word_1_116' title='bbox 633 1456 724 1491; x_wconf 85' lang='lat' dir='ltr'>nostros</span> 
     </span>
     <span class='ocr_line' id='line_1_19' title="bbox 102 1521 687 1576; baseline -0.005 -10"><span class='ocrx_word' id='word_1_117' title='bbox 102 1522 194 1567; x_wconf 77' lang='lat' dir='ltr'>Abluere</span> <span class='ocrx_word' id='word_1_118' title='bbox 204 1523 239 1563; x_wconf 84' lang='lat' dir='ltr'>lde</span> <span class='ocrx_word' id='word_1_119' title='bbox 248 1532 319 1571; x_wconf 86' lang='lat' dir='ltr'>artus,</span> <span class='ocrx_word' id='word_1_120' title='bbox 329 1521 449 1576; x_wconf 81' lang='lat' dir='ltr'>lassataque</span> <span class='ocrx_word' id='word_1_121' title='bbox 459 1522 559 1563; x_wconf 86' lang='lat' dir='ltr'>membru</span> <span class='ocrx_word' id='word_1_122' title='bbox 568 1521 687 1576; x_wconf 66' lang='lat' dir='ltr'>parabam</span> 
     </span>
     <span class='ocr_line' id='line_1_20' title="bbox 103 1594 657 1650; baseline -0.005 -11"><span class='ocrx_word' id='word_1_123' title='bbox 103 1597 143 1639; x_wconf 88' lang='lat' dir='ltr'>Sed</span> <span class='ocrx_word' id='word_1_124' title='bbox 153 1596 244 1637; x_wconf 83' lang='lat' dir='ltr'>relevare</span> <span class='ocrx_word' id='word_1_125' title='bbox 254 1595 320 1636; x_wconf 86' lang='lat' dir='ltr'>sitim.</span> <span class='ocrx_word' id='word_1_126' title='bbox 329 1596 392 1637; x_wconf 85' lang='lat' dir='ltr'>Caret</span> <span class='ocrx_word' id='word_1_127' title='bbox 401 1609 425 1636; x_wconf 90' lang='lat' dir='ltr'>os</span> <span class='ocrx_word' id='word_1_128' title='bbox 434 1594 527 1636; x_wconf 86' lang='lat' dir='ltr'>humore</span> <span class='ocrx_word' id='word_1_129' title='bbox 537 1594 657 1650; x_wconf 76' lang='lat' dir='ltr'>loquentis3</span> 
     </span>
    </p>

    <p class='ocr_par' dir='ltr' id='par_1_11' title="bbox 102 1667 619 1723">
     <span class='ocr_line' id='line_1_21' title="bbox 102 1667 619 1723; baseline -0.012 -10"><span class='ocrx_word' id='word_1_130' title='bbox 102 1673 128 1713; x_wconf 86' lang='lat' dir='ltr'>Et</span> <span class='ocrx_word' id='word_1_131' title='bbox 137 1668 210 1711; x_wconf 83' lang='lat' dir='ltr'>luuees</span> <span class='ocrx_word' id='word_1_132' title='bbox 219 1677 290 1717; x_wconf 85' lang='lat' dir='ltr'>areut;</span> <span class='ocrx_word' id='word_1_133' title='bbox 301 1668 378 1723; x_wconf 83' lang='lat' dir='ltr'>vixque</span> <span class='ocrx_word' id='word_1_134' title='bbox 387 1677 420 1710; x_wconf 89' lang='lat' dir='ltr'>est</span> <span class='ocrx_word' id='word_1_135' title='bbox 428 1668 462 1709; x_wconf 81' lang='lat' dir='ltr'>via</span> <span class='ocrx_word' id='word_1_136' title='bbox 471 1668 528 1710; x_wconf 84' lang='lat' dir='ltr'>vocis</span> <span class='ocrx_word' id='word_1_137' title='bbox 537 1667 559 1709; x_wconf 89' lang='lat' dir='ltr'>iu</span> <span class='ocrx_word' id='word_1_138' title='bbox 570 1667 619 1710; x_wconf 89' lang='lat' dir='ltr'>illis.</span> 
     </span>
    </p>

    <p class='ocr_par' dir='ltr' id='par_1_12' title="bbox 103 1740 692 1871">
     <span class='ocr_line' id='line_1_22' title="bbox 103 1740 692 1796; baseline 0 -11"><span class='ocrx_word' id='word_1_139' title='bbox 103 1746 197 1786; x_wconf 80' lang='lat' dir='ltr'>Haustus</span> <span class='ocrx_word' id='word_1_140' title='bbox 205 1755 266 1796; x_wconf 74' lang='lat' dir='ltr'>aquae</span> <span class='ocrx_word' id='word_1_141' title='bbox 277 1740 331 1781; x_wconf 88' lang='lat' dir='ltr'>mihi</span> <span class='ocrx_word' id='word_1_142' title='bbox 340 1750 414 1782; x_wconf 83' lang='lat' dir='ltr'>nectar</span> <span class='ocrx_word' id='word_1_143' title='bbox 423 1740 475 1790; x_wconf 83' lang='lat' dir='ltr'>erit;</span> <span class='ocrx_word' id='word_1_144' title='bbox 484 1741 594 1796; x_wconf 84' lang='lat' dir='ltr'>vitamque</span> <span class='ocrx_word' id='word_1_145' title='bbox 604 1740 692 1785; x_wconf 83' lang='lat' dir='ltr'>fatebor</span> 
     </span>
     <span class='ocr_line' id='line_1_23' title="bbox 103 1813 594 1871; baseline -0.006 -12"><span class='ocrx_word' id='word_1_146' title='bbox 103 1815 213 1871; x_wconf 79' lang='lat' dir='ltr'>decepisse</span> <span class='ocrx_word' id='word_1_147' title='bbox 222 1813 298 1863; x_wconf 84' lang='lat' dir='ltr'>simul;</span> <span class='ocrx_word' id='word_1_148' title='bbox 309 1814 376 1855; x_wconf 87' lang='lat' dir='ltr'>vitam</span> <span class='ocrx_word' id='word_1_149' title='bbox 385 1813 486 1855; x_wconf 85' lang='lat' dir='ltr'>dederitis</span> <span class='ocrx_word' id='word_1_150' title='bbox 496 1813 519 1855; x_wconf 90' lang='lat' dir='ltr'>iu</span> <span class='ocrx_word' id='word_1_151' title='bbox 529 1815 594 1856; x_wconf 90' lang='lat' dir='ltr'>unda.</span> 
     </span>
    </p>
   </div>
   <div class='ocr_carea' id='block_1_5' title="bbox 105 1888 802 1947">
    <p class='ocr_par' dir='ltr' id='par_1_13' title="bbox 105 1888 802 1947">
     <span class='ocr_line' id='line_1_24' title="bbox 105 1888 802 1947; baseline 0.001 -13"><span class='ocrx_word' id='word_1_152' title='bbox 105 1892 130 1934; x_wconf 88' lang='lat' dir='ltr'>lli</span> <span class='ocrx_word' id='word_1_153' title='bbox 139 1904 225 1947; x_wconf 86' lang='lat' dir='ltr'>quoque</span> <span class='ocrx_word' id='word_1_154' title='bbox 235 1903 272 1931; x_wconf 82' lang='lat' dir='ltr'>ros</span> <span class='ocrx_word' id='word_1_155' title='bbox 281 1898 394 1939; x_wconf 85' lang='lat' dir='ltr'>moveant,</span> <span class='ocrx_word' id='word_1_156' title='bbox 403 1889 442 1944; x_wconf 88' lang='lat' dir='ltr'>qui</span> <span class='ocrx_word' id='word_1_157' title='bbox 451 1899 525 1931; x_wconf 87' lang='lat' dir='ltr'>nostro</span> <span class='ocrx_word' id='word_1_158' title='bbox 535 1888 623 1931; x_wconf 86' lang='lat' dir='ltr'>brachia</span> <span class='ocrx_word' id='word_1_159' title='bbox 634 1891 732 1938; x_wconf 86' lang='lat' dir='ltr'>tendunt</span> <span class='ocrx_word' id='word_1_160' title='bbox 800 1918 802 1923; x_wconf 95' lang='lat'>·</span> 
     </span>
    </p>
   </div>
   <div class='ocr_carea' id='block_1_6' title="bbox 104 1962 719 2238">
    <p class='ocr_par' dir='ltr' id='par_1_14' title="bbox 104 1962 719 2093">
     <span class='ocr_line' id='line_1_25' title="bbox 104 1962 645 2005; baseline 0 0"><span class='ocrx_word' id='word_1_161' title='bbox 104 1965 172 2005; x_wconf 84' lang='lat' dir='ltr'>Parva</span> <span class='ocrx_word' id='word_1_162' title='bbox 181 1963 261 2004; x_wconf 80' lang='lat' dir='ltr'>siaul»</span> <span class='ocrx_word' id='word_1_163' title='bbox 272 1964 296 2004; x_wconf 86' lang='lat' dir='ltr'>Et</span> <span class='ocrx_word' id='word_1_164' title='bbox 305 1975 356 2004; x_wconf 88' lang='lat' dir='ltr'>casu</span> <span class='ocrx_word' id='word_1_165' title='bbox 367 1962 484 2003; x_wconf 86' lang='lat' dir='ltr'>tendebant</span> <span class='ocrx_word' id='word_1_166' title='bbox 493 1962 582 2003; x_wconf 84' lang='lat' dir='ltr'>brachia</span> <span class='ocrx_word' id='word_1_167' title='bbox 592 1962 645 2005; x_wconf 87' lang='lat' dir='ltr'>uati.</span> 
     </span>
     <span class='ocr_line' id='line_1_26' title="bbox 135 2034 719 2093; baseline 0.01 -17"><span class='ocrx_word' id='word_1_168' title='bbox 135 2038 205 2093; x_wconf 78' lang='lat' dir='ltr'>Quem</span> <span class='ocrx_word' id='word_1_169' title='bbox 214 2049 258 2076; x_wconf 88' lang='lat' dir='ltr'>nou</span> <span class='ocrx_word' id='word_1_170' title='bbox 268 2035 347 2077; x_wconf 83' lang='lat' dir='ltr'>blanda</span> <span class='ocrx_word' id='word_1_171' title='bbox 357 2037 402 2076; x_wconf 76' lang='lat' dir='ltr'>uea</span> <span class='ocrx_word' id='word_1_172' title='bbox 412 2034 532 2090; x_wconf 85' lang='lat' dir='ltr'>potuissent</span> <span class='ocrx_word' id='word_1_173' title='bbox 542 2035 606 2077; x_wconf 84' lang='lat' dir='ltr'>verba</span> <span class='ocrx_word' id='word_1_174' title='bbox 615 2045 719 2081; x_wconf 70' lang='lat' dir='ltr'>movere?</span> 
     </span>
    </p>

    <p class='ocr_par' dir='ltr' id='par_1_15' title="bbox 107 2108 701 2165">
     <span class='ocr_line' id='line_1_27' title="bbox 107 2108 701 2165; baseline 0.003 -15"><span class='ocrx_word' id='word_1_175' title='bbox 107 2109 131 2150; x_wconf 86' lang='lat' dir='ltr'>lli</span> <span class='ocrx_word' id='word_1_176' title='bbox 142 2119 214 2150; x_wconf 83' lang='lat' dir='ltr'>tamen</span> <span class='ocrx_word' id='word_1_177' title='bbox 224 2117 322 2150; x_wconf 85' lang='lat' dir='ltr'>orantem</span> <span class='ocrx_word' id='word_1_178' title='bbox 333 2116 429 2163; x_wconf 83' lang='lat' dir='ltr'>perstant</span> <span class='ocrx_word' id='word_1_179' title='bbox 438 2108 563 2162; x_wconf 81' lang='lat' dir='ltr'>prohibere;</span> <span class='ocrx_word' id='word_1_180' title='bbox 573 2109 701 2165; x_wconf 86' lang='lat' dir='ltr'>minasque,</span> 
     </span>
    </p>

    <p class='ocr_par' dir='ltr' id='par_1_16' title="bbox 106 2180 688 2238">
     <span class='ocr_line' id='line_1_28' title="bbox 106 2180 688 2238; baseline 0.003 -14"><span class='ocrx_word' id='word_1_181' title='bbox 106 2182 135 2224; x_wconf 82' lang='lat' dir='ltr'>Ni</span> <span class='ocrx_word' id='word_1_182' title='bbox 144 2180 220 2237; x_wconf 86' lang='lat' dir='ltr'>procul</span> <span class='ocrx_word' id='word_1_183' title='bbox 229 2182 340 2235; x_wconf 84' lang='lat' dir='ltr'>abscedat,</span> <span class='ocrx_word' id='word_1_184' title='bbox 350 2181 489 2237; x_wconf 75' lang='lat' dir='ltr'>conviciaque</span> <span class='ocrx_word' id='word_1_185' title='bbox 498 2181 586 2238; x_wconf 84' lang='lat' dir='ltr'>iusuper</span> <span class='ocrx_word' id='word_1_186' title='bbox 596 2183 688 2226; x_wconf 83' lang='lat' dir='ltr'>addunt.</span> 
     </span>
    </p>
   </div>
   <div class='ocr_carea' id='block_1_7' title="bbox 0 0 855 2592">
    <p class='ocr_par' dir='ltr' id='par_1_17' title="bbox 0 0 855 2592">
     <span class='ocr_line' id='line_1_29' title="bbox 0 0 855 2592; baseline 0 0"><span class='ocrx_word' id='word_1_187' title='bbox 0 0 855 2592; x_wconf 95' lang='lat' dir='ltr'> </span> 
     </span>
    </p>
   </div>
  </div>
 </body>
</html>
