1667 2592
114 141 153 194 198
264 138 595 182 METAMORPHOSEON
682 152 705 182 v.
718 153 758 183 υ.

110 231 193 274 Ureriei
202 241 224 274 et
233 228 340 274 thalamos
350 230 414 273 alieni
424 230 519 287 concipis
528 231 598 274 orbis!

112 305 160 348 flac
166 318 254 361 quoque
261 314 317 348 terra
324 314 401 361 potest,
408 306 469 360 quod
476 319 542 355 ames,
550 305 607 348 dare.
614 303 687 358 Vivat,
695 319 726 349 an
734 304 775 349 iile

112 378 210 430 Oenidat‚
220 379 243 421 in
252 380 287 421 Dis
296 390 341 422 est:
350 380 408 422 vivat
418 388 503 430 tamem
513 379 578 436 idque
586 379 671 435 precari

111 453 151 495 Vei
160 453 205 495 sine
215 467 289 495 amore
299 452 354 496 licei.
364 452 421 507 Quid
431 453 490 495 enim
500 452 611 496 commisit
619 455 698 496 Iasoni

112 528 196 584 Quam,
205 525 247 569 nisi
255 525 377 577 crudelem,
386 539 432 568 non
442 535 518 583 tangat
524 526 605 569 Iasonis
615 536 678 578 etas,

112 604 138 645 Et
148 616 226 658 genus,
236 603 346 645 ervirtusi
354 615 423 658 quam
432 614 489 654 non,
498 611 601 646 nicetem
610 601 695 656 desint,

112 678 191 718 Forma
200 689 287 718 movere
296 680 378 731 potest?
387 684 444 718 certe
454 688 504 717 mea
512 684 599 730 pectora
609 675 688 718 movit.

111 751 150 799 it,
159 748 200 791 nisi
209 761 274 805 opem
284 746 365 799 tulero,
374 758 490 790 taurorum
500 746 617 790 adflabitur
625 760 675 800 ore5

111 822 274 876 Concurretqur
282 834 326 862 sne
335 819 411 876 segeti,
422 818 498 862 tellure
507 819 583 862 creatis

114 894 225 942 Hostibus
235 903 275 937 aut
283 893 347 936 avido
356 893 445 936 dabitur
454 892 500 936 iera
509 893 581 950 praeda
589 893 688 937 draconi.

113 968 158 1009 Hoc
168 980 207 1022 ego
216 967 234 1008 si
243 966 324 1022 patiar,
335 976 382 1010 tum
393 979 429 1008 me
439 967 466 1008 de
476 966 552 1023 tigride
561 976 649 1016 naum,

112 1041 170 1084 Tum
180 1039 263 1083 ferrum
273 1051 295 1084 et
303 1040 403 1096 scopulos
411 1050 494 1096 gestare
503 1040 526 1083 in
535 1041 600 1084 eorde
609 1040 705 1085 fatebor.

111 1116 155 1158 Cur
164 1128 208 1157 non
219 1125 241 1158 et
249 1125 322 1171 epecto
332 1124 472 1171 pereuntem,
481 1113 597 1169 oculosque
606 1115 703 1158 videndo

112 1188 251 1232 Consoelero?
260 1203 300 1233 eur
309 1203 353 1231 non
363 1199 437 1231 tauros
446 1189 548 1252 exhortor
557 1189 580 1230 in
589 1188 666 1241 inum,

112 1263 281 1319 Terrigenasque
289 1261 357 1313 ieros,
367 1261 530 1317 insopitumque
539 1261 672 1305 draconem?

113 1340 138 1382 Di
148 1338 239 1380 meliora
248 1338 324 1381 veiint!
334 1338 474 1393 Quamquam
485 1351 528 1379 non
538 1336 712 1394 imprecanda,

112 1414 153 1456 Sed
164 1410 262 1455 facienda
271 1412 331 1456 mihi.
341 1413 463 1455 Prodamne
472 1424 510 1468 eqo
520 1426 585 1469 regna
594 1414 704 1467 parentio?

112 1489 182 1543 Atque
191 1500 232 1543 ope
241 1486 314 1530 nescio
323 1486 372 1543 quis
381 1486 503 1529 servabitur
511 1487 594 1528 advena
603 1496 691 1539 nostra,

113 1565 142 1605 Ut
150 1576 189 1618 per
197 1576 233 1604 me
242 1576 326 1619 sospes,
335 1562 381 1605 sine
390 1576 427 1604 me
436 1562 473 1605 dei
481 1561 548 1604 lintea
557 1560 637 1614 ventis,

113 1637 196 1693 Virque
205 1636 233 1679 sit
241 1637 340 1688 alterius3
349 1649 417 1693 poenae
427 1637 501 1678 Medea
511 1635 633 1691 relinquar}

112 1711 134 1755 Si
144 1710 214 1753 iacere
223 1710 276 1759 hoe,
284 1710 377 1753 aliamve
386 1719 457 1766 potent
465 1722 590 1765 proponere
598 1708 675 1762 nobis,

113 1784 201 1827 occidat
210 1782 314 1838 ingratus.
323 1783 416 1825 sednon
425 1782 443 1824 is
454 1781 527 1825 vultus
536 1781 560 1823 in
569 1780 618 1833 illo,

113 1858 163 1901 Non
173 1870 198 1899 ea
206 1855 309 1899 nobilitas
316 1855 392 1897 animo
400 1865 443 1905 eat.
454 1869 478 1897 ea
488 1852 656 1912 gratiosorum,

112 1932 141 1974 Ur
150 1931 240 1991 timeam
250 1928 361 1978 fraudem,
371 1928 487 1984 meritique
496 1927 575 1971 oblivia
585 1927 663 1970 nostri.

113 2005 139 2047 Et
148 2003 209 2046 dabit
218 2011 268 2046 ante
277 2002 357 2046 fidem:
367 2016 487 2057 cogamque
496 2001 519 2044 in
530 2001 609 2044 ioedera
618 2010 684 2045 uetes

113 2080 162 2121 Esse
171 2081 232 2121 Deos.
241 2077 298 2136 Quid
307 2087 354 2120 tura
364 2077 440 2119 times⁷
448 2075 569 2131 accingere3
579 2084 601 2118 et
609 2088 702 2121 omnem

113 2153 169 2196 Peiie
179 2167 271 2198 moram.
281 2153 360 2197 Tibiae
369 2166 455 2209 semper
463 2151 551 2195 debebit
559 2153 634 2203 lason,
