1667 2592
74 188 131 240 ep.
317 187 418 228 itinn
437 187 452 226 1.
691 202 706 243 9

22 280 23 289 ¹
98 279 164 332 thue
173 279 223 320 dnae
232 278 308 319 dextra
318 276 409 327 coeium,
420 277 552 334 totidemque
562 278 647 322 sinistra

71 349 125 392 Parte
133 361 206 393 secant
215 353 292 399 Zonoe,
301 349 379 406 quinta
387 360 419 392 est
428 351 537 393 ardentior
546 351 597 403 iiiis;

71 422 100 463 Sic
108 437 162 466 onus
172 423 282 467 inclusum
292 437 387 465 numero
396 423 492 466 distinxit
501 426 577 467 eodem

70 497 122 538 dura
131 498 167 539 Dei
176 512 181 536 τ
192 497 327 554 totidemque
337 496 403 553 piapae
413 497 488 540 tellure
497 510 634 551 premuntur.

70 570 164 625 Quarum
174 585 223 626 quae
234 571 306 612 media
314 581 357 617 est,
367 584 411 612 non
421 581 452 613 est
461 571 585 614 habitabilis
593 583 659 615 astu:

71 642 109 685 trix
119 644 170 698 tegit
179 643 222 686 afta
232 644 299 686 duas:
311 644 401 686 totidem
411 644 468 686 inter
476 655 594 699 utrumque
604 645 692 693 locavit.

71 716 248 772 Temperiemque
257 717 327 765 dedit,
338 717 405 759 mixta
414 731 466 759 cum
477 715 557 772 frigore
566 717 662 760 flamma.

22 834 23 847 ἶ
70 789 170 832 imminet
179 790 214 831 his
224 803 274 832 aer:
283 789 332 845 qui,
343 800 426 845 quanto
435 798 468 832 est
476 791 571 844 pondere
581 799 640 831 terroe

71 863 154 905 Pondus
164 877 227 919 aquae
236 863 315 911 levius,
325 872 386 905 tanto
395 873 427 905 est
436 864 548 905 onerosior
557 862 608 919 igni.

70 937 113 980 Illic
123 949 144 982 et
154 937 256 988 nebulas,
267 937 309 979 iilic
319 938 436 980 consistere
445 939 514 980 nubes

70 1012 145 1061 iussit.
156 1021 178 1053 et
187 1011 296 1053 humanas
306 1021 393 1053 motura
403 1012 499 1054 tonitrua
509 1021 602 1063 mentes,

71 1086 155 1127 Etcum
166 1082 297 1125 fulminibus
307 1082 410 1125 facientes
420 1083 499 1139 frigora
509 1094 590 1126 ventos.

72 1158 106 1199 iiis
115 1169 205 1212 quoque
213 1170 258 1198 non
268 1156 349 1212 passim
359 1155 437 1198 mundi
447 1155 564 1199 fabricator
573 1158 698 1201 habendum

72 1234 123 1274 itera
134 1229 240 1287 permisit.
251 1229 292 1272 Vix
300 1244 360 1271 nunc
370 1229 482 1272 obsistitur
491 1228 544 1280 iilis,

22 1320 23 1333 ¹
73 1306 145 1364 Quum
155 1317 196 1346 sua
206 1302 298 1358 quisque
309 1312 385 1358 regant
393 1302 477 1344 diverso
487 1301 577 1344 flamina
588 1312 669 1352 tractu,

73 1379 129 1436 Quin
139 1377 223 1420 lanient
233 1377 353 1427 mundum
365 1386 426 1419 tanta
435 1386 466 1418 est
475 1376 580 1417 discordia
590 1375 690 1419 fratrum.

73 1456 142 1498 Eurus
152 1452 181 1495 ad
191 1456 309 1502 Auroram,
320 1452 466 1507 Nabataeaque
476 1464 540 1506 regna
550 1451 645 1502 recessit,

74 1528 213 1583 Persidaque,
223 1536 245 1569 et
254 1526 319 1569 radiis
325 1525 379 1581 juga
388 1525 475 1567 subdita
486 1527 605 1569 matutinis.

75 1603 163 1658 Vesper,
173 1612 195 1644 et
204 1601 296 1643 occiduo
305 1614 354 1655 quae
364 1600 426 1642 litora
436 1599 483 1642 Sole
494 1609 615 1656 tepescunt,

76 1676 175 1718 Proxima
185 1684 238 1717 sunt
246 1674 357 1730 Zephyro:
368 1673 476 1730 Scythiam
486 1676 614 1730 septemque
624 1675 717 1718 trionem

76 1750 172 1794 florrifer
178 1749 260 1793 invasit
268 1751 358 1791 Boreas:
369 1749 477 1791 contraria
487 1748 549 1791 tellus

75 1825 178 1868 dubious
188 1823 290 1869 assiduis.
300 1822 416 1879 pluvioque
427 1823 529 1866 madescit
538 1824 566 1865 ab
575 1824 659 1866 Austro.

77 1899 124 1941 flac
134 1910 201 1954 snper
210 1896 316 1952 imposuit
325 1895 445 1951 liquidum,
454 1907 475 1939 et
484 1896 587 1952 gravitate
597 1906 707 1939 carentem

49 1956 53 1965 ’
79 1971 175 2014 Ethera.
186 1983 225 2012 nec
235 1969 356 2025 quidquam
366 1979 455 2011 terrena
464 1969 521 2011 facis
530 1970 655 2012 habentem.

106 2044 150 2086 Vix
159 2057 186 2085 ea
195 2042 303 2085 limitibus
312 2042 439 2099 dissepserat
450 2043 523 2085 omnia
535 2043 608 2089 certis.

81 2119 168 2172 Quum.
178 2131 227 2172 quae
236 2131 309 2172 pressa
319 2117 357 2158 diu
367 2130 439 2159 massa
448 2115 529 2157 latuere
539 2115 580 2156 sub
590 2112 637 2161 itta,

79 2191 153 2233 Sidera
163 2201 277 2247 coeperunt
287 2199 333 2233 toto
342 2188 482 2232 effervescere
492 2187 552 2228 coeio.

157 2277 163 2305 t
173 2277 202 2306 ιι.
613 2267 624 2294 ²
