1667 2592
73 205 90 231 r.
103 191 153 232 368.
210 200 212 202 ·
314 188 414 229 LIBER
429 188 474 229 lV.
674 196 715 237 119

70 280 152 321 Perstat
161 275 306 325 Atlantiades,
315 285 442 330 sperataque
452 273 531 330 gaudia
540 272 648 330 Nymphae

69 353 176 406 Denegat:
187 350 224 392 illa
234 349 325 405 premit;
335 348 495 404 commissaque
504 360 594 402 corpore
604 355 651 388 toto

68 425 128 467 Sicut
138 425 267 474 inhaerebat,
279 441 290 462 ι(
297 424 380 477 Pugnes
389 422 450 473 licet,
460 423 570 478 improbe,
580 420 645 472 dixit,

70 501 120 542 Non
131 511 206 543 tamen
215 498 314 554 effugies.
325 501 356 540 lta
365 500 390 540 Di
396 497 504 553 jubeatis,
514 507 535 540 et
545 498 612 539 istum

69 573 137 617 Nulla
146 574 192 616 dies
201 588 213 615 a
223 588 272 619 me,
282 586 321 614 nec
333 585 369 614 me
380 572 470 613 diducat
479 573 506 613 ab
516 571 582 614 isto.»

68 651 125 692 Vota
135 663 187 691 suos
196 649 292 691 habuere
302 649 355 689 neos
363 665 368 688 ι
375 660 430 693 nam
441 645 507 688 mixta
516 646 613 687 duorum

68 723 165 777 Corpora
170 721 308 777 junguntur3
318 718 427 774 faciesque
435 718 547 760 inducitur
556 717 597 758 illis

69 797 127 844 Una,
137 794 196 836 velut
205 795 222 835 si
232 793 281 849 quis
291 793 398 835 conducta
408 791 487 834 cortice
497 804 569 832 ramos

68 868 188 910 crescendo
194 866 271 922 jungi,
281 866 404 921 pariterque
413 864 535 906 adolescere
544 871 625 905 cernat.

70 940 103 982 Sic
113 940 150 981 ιὼί
160 939 275 995 complexu
287 940 387 980 coierunt
397 938 497 979 membra
508 936 588 987 tenaci,

70 1017 114 1056 Nec
122 1015 167 1056 duo
177 1023 239 1061 sunt.
249 1023 271 1056 et
281 1012 352 1055 forma
361 1013 452 1069 duplex,
462 1026 501 1055 nec
512 1011 593 1054 femina
603 1008 656 1061 dici,

70 1092 115 1132 Nec
123 1104 177 1146 puer
185 1099 209 1131 ut
216 1090 306 1145 possint;
314 1099 468 1145 neutmmque,
476 1099 497 1132 et
505 1099 625 1144 utrumque
632 1086 739 1129 videntur.

69 1167 124 1220 Ergo
134 1165 172 1206 ubi
182 1179 203 1206 se
213 1165 317 1219 liquidas,
325 1178 370 1220 quo
381 1165 413 1206 vir
424 1166 572 1214 descenderat,
583 1164 653 1205 undas

69 1240 212 1281 Semimarem
222 1238 297 1280 fecisse
307 1238 374 1284 videt.
385 1238 512 1292 mollitaque
522 1238 543 1279 in
554 1236 595 1278 illis

70 1313 180 1363 Membra,
191 1326 270 1354 manus
280 1312 381 1359 tendens,
390 1310 482 1366 sed'jam
492 1324 536 1352 non
547 1323 598 1352 voce
606 1308 672 1359 virili,

70 1385 264 1441 Hermaphroditus
273 1385 316 1428 ait:
328 1386 402 1426 «Nato
411 1385 461 1425 date
471 1396 563 1425 munera
572 1392 652 1433 vestro,

69 1463 94 1503 Et
105 1471 173 1516 pater,
182 1471 204 1503 et
213 1461 315 1516 genitrix.
325 1460 443 1502 amborum
454 1472 534 1500 nomen
544 1457 645 1500 habenti:

69 1533 172 1591 Quisquis
181 1534 203 1576 in
213 1533 254 1574 lros
263 1532 334 1575 fontes
343 1532 375 1573 vir
385 1532 477 1582 venerit,
488 1540 548 1573 exeat
558 1531 607 1573 inde

69 1607 171 1657 temtum
181 1618 203 1650 et
212 1607 274 1649 tactis
283 1607 356 1649 subito
367 1605 478 1649 mollescet
486 1606 509 1648 in
519 1606 589 1648 undis.
596 1622 608 1644 u

69 1681 141 1722 illotus
151 1690 242 1735 uterque
252 1693 340 1735 parens,
349 1679 394 1721 nati
405 1689 452 1722 rata
461 1690 511 1722 vota
520 1678 620 1721 biformis

70 1754 139 1805 Fecit,
148 1754 261 1796 etincerto
270 1753 355 1797 fontem
365 1754 508 1796 medicamine
519 1753 606 1797 tinxit.»

98 1902 155 1942 Vlll.
165 1902 225 1943 Fuus
235 1910 281 1942 erat
291 1900 364 1952 dictis;
374 1911 395 1944 et
406 1901 478 1944 adhuc
488 1901 581 1959 Minyeia
590 1900 661 1956 proles

71 1977 134 2030 Urget
143 1987 210 2029 opus.
220 1974 345 2029 spernitque
355 1977 435 2022 Deum.
445 1974 569 2031 festumque
578 1973 691 2031 profanat:

69 2050 183 2105 Tympana
192 2062 264 2103 quum
273 2048 346 2090 subito
356 2062 400 2090 uon
409 2049 534 2105 apparentia
545 2048 615 2090 raucis

70 2125 215 2178 Obstrepuere
223 2121 293 2171 sonis;
304 2131 325 2165 et
334 2123 420 2164 adunco
431 2122 483 2164 tibio
493 2135 573 2171 cornu,

68 2198 84 2238 Τ
86 2196 207 2252 innulaque
215 2209 258 2239 ara
267 2205 352 2239 sonant.
361 2195 465 2238 Redoleut
472 2194 620 2251 myrrhaque,
627 2191 738 2248 crocique:
