1667 2592
111 217 133 245 v.
146 208 196 246 20⁵.
353 207 453 248 LIBER
469 207 511 248 Vi.
707 211 745 258 175

112 293 203 337 Talibus
213 303 244 337 est
252 294 314 337 dictis
324 296 409 351 gemina
418 309 470 338 cum
479 294 539 351 prole
547 295 632 339 locuta:

113 369 165 408 «En
173 381 214 422 ego
223 377 291 410 vestra
301 381 389 423 parens,
399 368 459 410 vobis
469 368 566 410 animosa
575 367 661 420 creatis,

113 441 150 490 Er,
161 439 202 481 nisi
211 440 302 489 lunoni,
312 440 366 482 nulii
375 455 460 483 cessura
469 443 572 490 Beatum,

112 513 146 552 An
156 512 198 552 Dea
207 511 260 563 sim,
270 512 370 554 dubitor:
381 526 461 568 perque
469 512 544 554 omnia
553 512 625 555 secula
633 512 696 556 cultis

113 587 199 633 Arceor,
209 597 223 625 ο
233 585 288 626 nati!
298 584 339 627 nisi
348 599 385 627 vos
394 585 529 635 succurritis,
539 585 587 627 aris.

114 658 160 699 Nec
170 657 232 699 dolor
241 657 275 700 hic
285 657 356 700 seius:
366 658 413 700 diro
423 658 519 700 convicia
528 657 585 701 facte

113 728 211 772 Tantalis
221 729 309 784 adjecit,
319 744 398 785 vosque
406 739 440 772 est
448 739 576 785 postponere
585 730 641 773 natis

114 805 172 843 Ausa
181 801 238 842 suis:
247 811 269 843 et
278 815 313 843 me
323 802 395 857 (quod
405 802 427 843 in
436 802 507 857 ipsam
516 801 610 858 recidat)
621 803 696 844 orbam

113 873 182 924 Dixit,
191 883 213 915 et
222 874 319 916 exhibuit
327 874 424 930 linguam
434 873 535 918 scelerata
544 884 681 930 paternam.»

143 945 258 1001 Adjectura
268 960 340 1010 preces
349 957 395 989 erat
404 947 437 989 his
446 949 527 989 Latona
538 946 621 989 relatis:

114 1019 219 1070 «Desine,
228 1020 318 1062 Phoebus
328 1021 358 1062 ait
367 1020 375 1076 (
380 1033 447 1076 poenae
456 1034 517 1063 mora
526 1020 615 1078 longa),
624 1020 728 1077 querelas.
734 1032 766 1060 »e

113 1091 171 1134 Dixit
180 1091 238 1134 idem
247 1092 337 1134 Phoebe:
347 1092 452 1148 celerique
461 1107 499 1149 per
507 1108 556 1136 aera
565 1093 627 1150 lapsu

113 1163 252 1220 Contigerant
262 1166 311 1208 teeti
320 1165 436 1209 Cadmeida
445 1166 540 1208 nubibus
549 1180 629 1208 arcem.

143 1315 179 1356 Vl.
187 1314 270 1355 Purus
278 1322 334 1364 erat,
342 1313 426 1369 lateque
433 1323 508 1368 patens
515 1326 581 1368 prope
588 1314 668 1356 moenia
675 1327 775 1371 campus,

113 1387 213 1431 Adsiduis
221 1386 319 1442 pulsatus
328 1386 399 1442 equis;
409 1386 447 1427 ubi
458 1386 521 1427 turba
529 1394 638 1437 rotarum,

113 1465 214 1517 Duraque
223 1460 345 1503 mollierant
352 1459 461 1515 subjectas
471 1458 552 1513 ungula
561 1457 639 1514 glebas.

113 1537 163 1577 Pars
173 1532 239 1574 ibide
249 1541 330 1587 septem
339 1531 415 1587 genitis
425 1530 545 1586 Amphione
554 1529 621 1572 forces

112 1605 266 1650 Conscendunt
274 1604 297 1644 in
306 1616 383 1658 equos,
392 1602 499 1660 Tyrioque
507 1602 606 1645 rubentia
616 1602 667 1646 fuce

113 1683 181 1736 Terga
190 1687 303 1735 premunt,
314 1691 409 1734 auroque
420 1690 492 1733 graves
501 1678 643 1721 moderentur
651 1678 751 1722 habenas

113 1758 130 1799 E
138 1754 218 1811 quibus
228 1755 334 1802 ismenus,
343 1753 380 1808 qni
391 1753 455 1795 matri
463 1752 546 1794 sarcina
554 1754 666 1808 quondam

113 1829 185 1874 Prima
194 1841 238 1870 snae
248 1826 329 1877 fuerat,
339 1829 392 1869 dum
402 1836 486 1869 certum
496 1816 562 1869 flectit
570 1826 593 1868 in
601 1827 678 1868 orbem

113 1902 267 1963 Quadrupedes
276 1914 362 1952 cursus,
372 1901 538 1958 spumantiaque
546 1914 585 1942 ora
593 1911 688 1952 coercet;

114 1978 152 2022 liei
162 1977 227 2020 mihi!
237 1974 368 2028 conciamat3
378 1976 492 2031 medieque
502 1975 524 2016 in
534 1982 619 2030 pectore
628 1973 683 2016 fixus

112 2051 164 2096 Tela
174 2049 237 2106 gerit,
247 2047 355 2104 frenisque
365 2061 433 2090 mauu
443 2046 547 2088 moriente
556 2044 660 2097 remissis,

112 2125 139 2166 ln
147 2122 204 2164 latus
212 2135 225 2163 a
234 2121 308 2162 dextro
317 2116 422 2176 paulatim
431 2117 507 2159 defluit
516 2127 585 2157 armo.

113 2196 237 2248 Proximus,
245 2193 320 2237 audito
329 2193 401 2236 sonitu
409 2204 448 2247 per
457 2190 521 2232 inane
530 2188 644 2243 pharetra,
659 2242 662 2245 1
