<?xml version="1.0" encoding="UTF-8"?>
<!DOCTYPE html PUBLIC "-//W3C//DTD XHTML 1.0 Transitional//EN"
    "http://www.w3.org/TR/xhtml1/DTD/xhtml1-transitional.dtd">
<html xmlns="http://www.w3.org/1999/xhtml" xml:lang="en" lang="en">
 <head>
  <title>
</title>
<meta http-equiv="Content-Type" content="text/html;charset=utf-8" />
  <meta name='ocr-system' content='tesseract 3.04.00' />
  <meta name='ocr-capabilities' content='ocr_page ocr_carea ocr_par ocr_line ocrx_word'/>
</head>
<body>
  <div class='ocr_page' id='page_1' title='image "./opera00accugoog/opera00accugoog_0230.png"; bbox 0 0 1667 2592; ppageno 0'>
   <div class='ocr_carea' id='block_1_1' title="bbox 99 169 748 235">
    <p class='ocr_par' dir='ltr' id='par_1_1' title="bbox 99 169 748 235">
     <span class='ocr_line' id='line_1_1' title="bbox 99 169 748 235; baseline -0.006 -11"><span class='ocrx_word' id='word_1_1' title='bbox 99 183 143 225; x_wconf 71' lang='lat' dir='ltr'><strong>ne</strong></span> <span class='ocrx_word' id='word_1_2' title='bbox 253 169 588 225; x_wconf 77' lang='lat' dir='ltr'><strong>netlnonenoseon</strong></span> <span class='ocrx_word' id='word_1_3' title='bbox 661 180 748 235; x_wconf 62' lang='lat' dir='ltr'><strong>etqe.</strong></span> 
     </span>
    </p>
   </div>
   <div class='ocr_carea' id='block_1_2' title="bbox 68 269 706 771">
    <p class='ocr_par' dir='ltr' id='par_1_2' title="bbox 100 269 668 475">
     <span class='ocr_line' id='line_1_2' title="bbox 100 269 668 329; baseline -0.005 -15"><span class='ocrx_word' id='word_1_4' title='bbox 100 273 169 329; x_wconf 87' lang='lat' dir='ltr'><strong>Inque</strong></span> <span class='ocrx_word' id='word_1_5' title='bbox 178 272 246 328; x_wconf 81' lang='lat' dir='ltr'><strong>patrie</strong></span> <span class='ocrx_word' id='word_1_6' title='bbox 254 273 335 316; x_wconf 80' lang='lat' dir='ltr'><strong>duxere</strong></span> <span class='ocrx_word' id='word_1_7' title='bbox 344 272 449 315; x_wconf 85' lang='lat' dir='ltr'><strong>domum:</strong></span> <span class='ocrx_word' id='word_1_8' title='bbox 459 269 582 327; x_wconf 78' lang='lat' dir='ltr'><strong>spectabilis</strong></span> <span class='ocrx_word' id='word_1_9' title='bbox 591 269 668 321; x_wconf 84' lang='lat' dir='ltr'><strong>heros,</strong></span> 
     </span>
     <span class='ocr_line' id='line_1_3' title="bbox 101 343 647 402; baseline -0.007 -12"><span class='ocrx_word' id='word_1_10' title='bbox 101 347 127 390; x_wconf 84' lang='lat' dir='ltr'><strong>Et</strong></span> <span class='ocrx_word' id='word_1_11' title='bbox 137 346 213 389; x_wconf 82' lang='lat' dir='ltr'><strong>veteris</strong></span> <span class='ocrx_word' id='word_1_12' title='bbox 222 346 316 389; x_wconf 86' lang='lat' dir='ltr'><strong>retinens</strong></span> <span class='ocrx_word' id='word_1_13' title='bbox 325 345 449 390; x_wconf 80' lang='lat' dir='ltr'><strong>etiamnum</strong></span> <span class='ocrx_word' id='word_1_14' title='bbox 458 346 549 402; x_wconf 71' lang='lat' dir='ltr'><strong>pignora</strong></span> <span class='ocrx_word' id='word_1_15' title='bbox 559 343 647 395; x_wconf 75' lang='lat' dir='ltr'><strong>forme,</strong></span> 
     </span>
     <span class='ocr_line' id='line_1_4' title="bbox 100 417 667 475; baseline 0 -15"><span class='ocrx_word' id='word_1_16' title='bbox 100 420 236 475; x_wconf 73' lang='lat' dir='ltr'><strong>Ingreditur3</strong></span> <span class='ocrx_word' id='word_1_17' title='bbox 246 433 378 475; x_wconf 80' lang='lat' dir='ltr'><strong>remumque</strong></span> <span class='ocrx_word' id='word_1_18' title='bbox 388 428 463 462; x_wconf 84' lang='lat' dir='ltr'><strong>teneus</strong></span> <span class='ocrx_word' id='word_1_19' title='bbox 473 418 584 475; x_wconf 84' lang='lat' dir='ltr'><strong>popularis</strong></span> <span class='ocrx_word' id='word_1_20' title='bbox 594 417 667 470; x_wconf 80' lang='lat' dir='ltr'><strong>olivae,</strong></span> 
     </span>
    </p>

    <p class='ocr_par' dir='ltr' id='par_1_3' title="bbox 102 492 550 551">
     <span class='ocr_line' id='line_1_5' title="bbox 102 492 550 551; baseline -0.009 -13"><span class='ocrx_word' id='word_1_21' title='bbox 102 495 120 538; x_wconf 81' lang='lat' dir='ltr'><strong>t</strong></span> <span class='ocrx_word' id='word_1_22' title='bbox 129 493 204 537; x_wconf 80' lang='lat' dir='ltr'><strong>dextra</strong></span> <span class='ocrx_word' id='word_1_23' title='bbox 213 494 308 551; x_wconf 79' lang='lat' dir='ltr'><strong>leveque</strong></span> <span class='ocrx_word' id='word_1_24' title='bbox 317 494 372 536; x_wconf 87' lang='lat' dir='ltr'><strong>duos</strong></span> <span class='ocrx_word' id='word_1_25' title='bbox 382 502 444 536; x_wconf 80' lang='lat' dir='ltr'><strong>aetate</strong></span> <span class='ocrx_word' id='word_1_26' title='bbox 455 492 550 535; x_wconf 82' lang='lat' dir='ltr'><strong>minores</strong></span> 
     </span>
    </p>

    <p class='ocr_par' dir='ltr' id='par_1_4' title="bbox 104 558 676 624">
     <span class='ocr_line' id='line_1_6' title="bbox 104 558 676 624; baseline -0.005 -15"><span class='ocrx_word' id='word_1_27' title='bbox 104 566 174 623; x_wconf 71' lang='lat' dir='ltr'><strong>nujus</strong></span> <span class='ocrx_word' id='word_1_28' title='bbox 183 567 260 617; x_wconf 77' lang='lat' dir='ltr'><strong>hahet,</strong></span> <span class='ocrx_word' id='word_1_29' title='bbox 270 567 347 624; x_wconf 76' lang='lat' dir='ltr'><strong>Clyton</strong></span> <span class='ocrx_word' id='word_1_30' title='bbox 357 576 379 609; x_wconf 86' lang='lat' dir='ltr'><strong>et</strong></span> <span class='ocrx_word' id='word_1_31' title='bbox 387 568 468 615; x_wconf 78' lang='lat' dir='ltr'><strong>Buten.</strong></span> <span class='ocrx_word' id='word_1_32' title='bbox 479 566 574 609; x_wconf 77' lang='lat' dir='ltr'><strong>Pallante</strong></span> <span class='ocrx_word' id='word_1_33' title='bbox 583 558 676 608; x_wconf 82' lang='lat' dir='ltr'><strong>creatos.</strong></span> 
     </span>
    </p>

    <p class='ocr_par' dir='ltr' id='par_1_5' title="bbox 68 640 706 771">
     <span class='ocr_line' id='line_1_7' title="bbox 68 640 706 698; baseline -0.002 -14"><span class='ocrx_word' id='word_1_34' title='bbox 68 665 73 672; x_wconf 73' lang='lat'><em>,</em></span> <span class='ocrx_word' id='word_1_35' title='bbox 132 643 249 697; x_wconf 79' lang='lat' dir='ltr'><strong>Postquam</strong></span> <span class='ocrx_word' id='word_1_36' title='bbox 258 655 384 698; x_wconf 79' lang='lat' dir='ltr'><strong>congressus</strong></span> <span class='ocrx_word' id='word_1_37' title='bbox 394 641 460 697; x_wconf 79' lang='lat' dir='ltr'><strong>primi</strong></span> <span class='ocrx_word' id='word_1_38' title='bbox 470 654 510 683; x_wconf 81' lang='lat' dir='ltr'><strong>sua</strong></span> <span class='ocrx_word' id='word_1_39' title='bbox 519 641 583 683; x_wconf 81' lang='lat' dir='ltr'><strong>verbe</strong></span> <span class='ocrx_word' id='word_1_40' title='bbox 594 640 706 692; x_wconf 64' lang='lat' dir='ltr'><strong>tutet-une</strong></span> 
     </span>
     <span class='ocr_line' id='line_1_8' title="bbox 105 704 700 771; baseline -0.003 -13"><span class='ocrx_word' id='word_1_41' title='bbox 105 704 250 770; x_wconf 71' lang='lat' dir='ltr'><strong>Cecropidum</strong></span> <span class='ocrx_word' id='word_1_42' title='bbox 259 715 365 771; x_wconf 77' lang='lat' dir='ltr'>Cephalus</span> <span class='ocrx_word' id='word_1_43' title='bbox 375 714 458 770; x_wconf 77' lang='lat' dir='ltr'>peragit</span> <span class='ocrx_word' id='word_1_44' title='bbox 467 715 582 765; x_wconf 77' lang='lat' dir='ltr'><strong>mundate,</strong></span> <span class='ocrx_word' id='word_1_45' title='bbox 592 704 700 770; x_wconf 78' lang='lat' dir='ltr'><strong>rogatque</strong></span> 
     </span>
    </p>
   </div>
   <div class='ocr_carea' id='block_1_3' title="bbox 24 787 668 844">
    <p class='ocr_par' dir='ltr' id='par_1_6' title="bbox 24 787 668 844">
     <span class='ocr_line' id='line_1_9' title="bbox 24 787 668 844; baseline 0 -14"><span class='ocrx_word' id='word_1_46' title='bbox 24 811 28 818; x_wconf 90' lang='lat'><strong>·</strong></span> <span class='ocrx_word' id='word_1_47' title='bbox 104 787 227 842; x_wconf 65' lang='lat' dir='ltr'><strong>Auxilium</strong></span> <span class='ocrx_word' id='word_1_48' title='bbox 237 788 350 843; x_wconf 77' lang='lat' dir='ltr'><strong>foedusque</strong></span> <span class='ocrx_word' id='word_1_49' title='bbox 360 787 437 838; x_wconf 75' lang='lat' dir='ltr'><strong>telem,</strong></span> <span class='ocrx_word' id='word_1_50' title='bbox 448 797 470 831; x_wconf 88' lang='lat' dir='ltr'><strong>et</strong></span> <span class='ocrx_word' id='word_1_51' title='bbox 475 787 529 844; x_wconf 85' lang='lat' dir='ltr'><strong>jura</strong></span> <span class='ocrx_word' id='word_1_52' title='bbox 538 798 668 844; x_wconf 77' lang='lat' dir='ltr'><strong>pareutum5</strong></span> 
     </span>
    </p>
   </div>
   <div class='ocr_carea' id='block_1_4' title="bbox 49 856 720 1814">
    <p class='ocr_par' dir='ltr' id='par_1_7' title="bbox 105 856 594 918">
     <span class='ocr_line' id='line_1_10' title="bbox 105 856 594 918; baseline 0.002 -15"><span class='ocrx_word' id='word_1_53' title='bbox 105 862 271 917; x_wconf 82' lang='lat' dir='ltr'><strong>Imperiumque</strong></span> <span class='ocrx_word' id='word_1_54' title='bbox 281 862 324 918; x_wconf 90' lang='lat' dir='ltr'><strong>peti</strong></span> <span class='ocrx_word' id='word_1_55' title='bbox 335 856 401 905; x_wconf 73' lang='lat' dir='ltr'><strong>tetius</strong></span> <span class='ocrx_word' id='word_1_56' title='bbox 411 861 517 905; x_wconf 79' lang='lat' dir='ltr'><strong>Achaidos</strong></span> <span class='ocrx_word' id='word_1_57' title='bbox 527 862 594 904; x_wconf 80' lang='lat' dir='ltr'>addit.</span> 
     </span>
    </p>

    <p class='ocr_par' dir='ltr' id='par_1_8' title="bbox 106 934 615 1067">
     <span class='ocr_line' id='line_1_11' title="bbox 106 934 615 992; baseline 0.002 -15"><span class='ocrx_word' id='word_1_58' title='bbox 106 935 140 978; x_wconf 83' lang='lat' dir='ltr'><strong>Sic</strong></span> <span class='ocrx_word' id='word_1_59' title='bbox 150 935 188 978; x_wconf 85' lang='lat' dir='ltr'><strong>ubi</strong></span> <span class='ocrx_word' id='word_1_60' title='bbox 198 938 326 979; x_wconf 74' lang='lat' dir='ltr'><strong>mandatum</strong></span> <span class='ocrx_word' id='word_1_61' title='bbox 332 936 392 992; x_wconf 89' lang='lat' dir='ltr'><strong>juvit</strong></span> <span class='ocrx_word' id='word_1_62' title='bbox 400 934 505 978; x_wconf 71' lang='lat' dir='ltr'><strong>facundia</strong></span> <span class='ocrx_word' id='word_1_63' title='bbox 514 949 615 988; x_wconf 81' lang='lat' dir='ltr'><strong>causam,</strong></span> 
     </span>
     <span class='ocr_line' id='line_1_12' title="bbox 107 1011 603 1067; baseline 0.004 -15"><span class='ocrx_word' id='word_1_64' title='bbox 107 1013 194 1058; x_wconf 78' lang='lat' dir='ltr'><strong>AEecus,</strong></span> <span class='ocrx_word' id='word_1_65' title='bbox 203 1011 227 1052; x_wconf 88' lang='lat' dir='ltr'><strong>in</strong></span> <span class='ocrx_word' id='word_1_66' title='bbox 236 1012 315 1066; x_wconf 83' lang='lat' dir='ltr'><strong>eupulo</strong></span> <span class='ocrx_word' id='word_1_67' title='bbox 323 1011 402 1067; x_wconf 78' lang='lat' dir='ltr'><strong>sceptri</strong></span> <span class='ocrx_word' id='word_1_68' title='bbox 412 1011 495 1054; x_wconf 83' lang='lat' dir='ltr'><strong>nitente</strong></span> <span class='ocrx_word' id='word_1_69' title='bbox 504 1011 603 1063; x_wconf 85' lang='lat' dir='ltr'><strong>sinistra,</strong></span> 
     </span>
    </p>

    <p class='ocr_par' dir='ltr' id='par_1_9' title="bbox 73 1084 695 1283">
     <span class='ocr_line' id='line_1_13' title="bbox 73 1084 695 1140; baseline 0.005 -15"><span class='ocrx_word' id='word_1_70' title='bbox 73 1114 75 1118; x_wconf 34' lang='lat' dir='ltr'>v</span> <span class='ocrx_word' id='word_1_71' title='bbox 109 1101 121 1124; x_wconf 83' lang='lat' dir='ltr'><strong>u</strong></span> <span class='ocrx_word' id='word_1_72' title='bbox 128 1086 160 1127; x_wconf 90' lang='lat' dir='ltr'><strong>Ne</strong></span> <span class='ocrx_word' id='word_1_73' title='bbox 169 1084 234 1140; x_wconf 86' lang='lat' dir='ltr'><strong>petite</strong></span> <span class='ocrx_word' id='word_1_74' title='bbox 243 1084 361 1135; x_wconf 79' lang='lat' dir='ltr'><strong>auxilium,</strong></span> <span class='ocrx_word' id='word_1_75' title='bbox 371 1085 409 1126; x_wconf 88' lang='lat' dir='ltr'><strong>sed</strong></span> <span class='ocrx_word' id='word_1_76' title='bbox 418 1086 511 1136; x_wconf 81' lang='lat' dir='ltr'><strong>sumite,</strong></span> <span class='ocrx_word' id='word_1_77' title='bbox 521 1084 586 1136; x_wconf 81' lang='lat' dir='ltr'><strong>dixit,</strong></span> <span class='ocrx_word' id='word_1_78' title='bbox 595 1085 695 1129; x_wconf 67' lang='lat' dir='ltr'><strong>Athene.</strong></span> 
     </span>
     <span class='ocr_line' id='line_1_14' title="bbox 108 1158 687 1214; baseline 0.003 -14"><span class='ocrx_word' id='word_1_79' title='bbox 108 1159 153 1201; x_wconf 86' lang='lat' dir='ltr'><strong>Nee</strong></span> <span class='ocrx_word' id='word_1_80' title='bbox 163 1158 229 1200; x_wconf 90' lang='lat' dir='ltr'><strong>dubie</strong></span> <span class='ocrx_word' id='word_1_81' title='bbox 238 1159 304 1209; x_wconf 81' lang='lat' dir='ltr'><strong>vires,</strong></span> <span class='ocrx_word' id='word_1_82' title='bbox 313 1172 368 1214; x_wconf 81' lang='lat' dir='ltr'><strong>ques</strong></span> <span class='ocrx_word' id='word_1_83' title='bbox 377 1158 423 1200; x_wconf 75' lang='lat' dir='ltr'><strong>hee</strong></span> <span class='ocrx_word' id='word_1_84' title='bbox 433 1158 500 1201; x_wconf 81' lang='lat' dir='ltr'><strong>hebet</strong></span> <span class='ocrx_word' id='word_1_85' title='bbox 509 1158 592 1210; x_wconf 77' lang='lat' dir='ltr'><strong>insula,</strong></span> <span class='ocrx_word' id='word_1_86' title='bbox 603 1168 687 1203; x_wconf 82' lang='lat' dir='ltr'><strong>vestras</strong></span> 
     </span>
     <span class='ocr_line' id='line_1_15' title="bbox 107 1219 685 1283; baseline 0 -7"><span class='ocrx_word' id='word_1_87' title='bbox 107 1233 195 1283; x_wconf 76' lang='lat' dir='ltr'><strong>Ducite,</strong></span> <span class='ocrx_word' id='word_1_88' title='bbox 205 1242 227 1276; x_wconf 91' lang='lat' dir='ltr'><strong>et</strong></span> <span class='ocrx_word' id='word_1_89' title='bbox 236 1233 308 1276; x_wconf 83' lang='lat' dir='ltr'><strong>omnis</strong></span> <span class='ocrx_word' id='word_1_90' title='bbox 317 1244 352 1277; x_wconf 87' lang='lat' dir='ltr'><strong>eat</strong></span> <span class='ocrx_word' id='word_1_91' title='bbox 361 1247 436 1277; x_wconf 81' lang='lat' dir='ltr'><strong>rerum</strong></span> <span class='ocrx_word' id='word_1_92' title='bbox 446 1219 564 1277; x_wconf 49' lang='lat' dir='ltr'><strong>stetus&#39;iste</strong></span> <span class='ocrx_word' id='word_1_93' title='bbox 574 1248 685 1277; x_wconf 84' lang='lat' dir='ltr'><strong>meatum.</strong></span> 
     </span>
    </p>

    <p class='ocr_par' dir='ltr' id='par_1_10' title="bbox 49 1303 707 1440">
     <span class='ocr_line' id='line_1_16' title="bbox 49 1303 707 1365; baseline 0.003 -15"><span class='ocrx_word' id='word_1_94' title='bbox 49 1303 51 1306; x_wconf 44' lang='lat'><strong>⁴</strong></span> <span class='ocrx_word' id='word_1_95' title='bbox 109 1308 195 1351; x_wconf 79' lang='lat' dir='ltr'>Robora</span> <span class='ocrx_word' id='word_1_96' title='bbox 204 1318 249 1350; x_wconf 86' lang='lat' dir='ltr'><strong>non</strong></span> <span class='ocrx_word' id='word_1_97' title='bbox 258 1309 350 1352; x_wconf 82' lang='lat' dir='ltr'><strong>desunt:</strong></span> <span class='ocrx_word' id='word_1_98' title='bbox 360 1318 449 1365; x_wconf 85' lang='lat' dir='ltr'><strong>superat</strong></span> <span class='ocrx_word' id='word_1_99' title='bbox 458 1308 513 1350; x_wconf 87' lang='lat' dir='ltr'><strong>mihi</strong></span> <span class='ocrx_word' id='word_1_100' title='bbox 522 1307 596 1360; x_wconf 91' lang='lat' dir='ltr'><strong>miles,</strong></span> <span class='ocrx_word' id='word_1_101' title='bbox 606 1318 628 1352; x_wconf 93' lang='lat' dir='ltr'><strong>et</strong></span> <span class='ocrx_word' id='word_1_102' title='bbox 637 1309 707 1352; x_wconf 84' lang='lat' dir='ltr'><strong>hosti.</strong></span> 
     </span>
     <span class='ocr_line' id='line_1_17' title="bbox 110 1383 611 1440; baseline -0.006 -14"><span class='ocrx_word' id='word_1_103' title='bbox 110 1383 185 1426; x_wconf 82' lang='lat' dir='ltr'><strong>Gratia</strong></span> <span class='ocrx_word' id='word_1_104' title='bbox 193 1384 240 1433; x_wconf 85' lang='lat' dir='ltr'><strong>Dls;</strong></span> <span class='ocrx_word' id='word_1_105' title='bbox 250 1383 301 1426; x_wconf 79' lang='lat' dir='ltr'><strong>felix</strong></span> <span class='ocrx_word' id='word_1_106' title='bbox 309 1393 331 1427; x_wconf 90' lang='lat' dir='ltr'><strong>et</strong></span> <span class='ocrx_word' id='word_1_107' title='bbox 340 1383 485 1434; x_wconf 76' lang='lat' dir='ltr'><strong>inexcusabile</strong></span> <span class='ocrx_word' id='word_1_108' title='bbox 496 1394 591 1440; x_wconf 86' lang='lat' dir='ltr'><strong>tempus.</strong></span> <span class='ocrx_word' id='word_1_109' title='bbox 598 1400 611 1422; x_wconf 74' lang='lat' dir='ltr'><strong>n</strong></span> 
     </span>
    </p>

    <p class='ocr_par' dir='ltr' id='par_1_11' title="bbox 111 1458 720 1814">
     <span class='ocr_line' id='line_1_18' title="bbox 113 1458 720 1516; baseline 0.007 -17"><span class='ocrx_word' id='word_1_110' title='bbox 113 1475 125 1499; x_wconf 89' lang='lat'>«</span> <span class='ocrx_word' id='word_1_111' title='bbox 132 1461 203 1501; x_wconf 89' lang='lat' dir='ltr'><strong>lmmo</strong></span> <span class='ocrx_word' id='word_1_112' title='bbox 212 1458 243 1501; x_wconf 81' lang='lat' dir='ltr'><strong>ite</strong></span> <span class='ocrx_word' id='word_1_113' title='bbox 252 1459 291 1512; x_wconf 90' lang='lat' dir='ltr'><strong>sit,</strong></span> <span class='ocrx_word' id='word_1_114' title='bbox 300 1459 417 1516; x_wconf 76' lang='lat' dir='ltr'><strong>Cephalus,</strong></span> <span class='ocrx_word' id='word_1_115' title='bbox 428 1470 511 1502; x_wconf 83' lang='lat' dir='ltr'><strong>crescat</strong></span> <span class='ocrx_word' id='word_1_116' title='bbox 520 1468 559 1502; x_wconf 86' lang='lat' dir='ltr'><strong>tua</strong></span> <span class='ocrx_word' id='word_1_117' title='bbox 569 1459 654 1502; x_wconf 85' lang='lat' dir='ltr'><strong>civibus</strong></span> <span class='ocrx_word' id='word_1_118' title='bbox 664 1470 720 1516; x_wconf 87' lang='lat' dir='ltr'><strong>opto</strong></span> 
     </span>
     <span class='ocr_line' id='line_1_19' title="bbox 111 1530 686 1589; baseline 0.002 -15"><span class='ocrx_word' id='word_1_119' title='bbox 111 1534 162 1582; x_wconf 78' lang='lat' dir='ltr'><strong>Res,</strong></span> <span class='ocrx_word' id='word_1_120' title='bbox 172 1531 209 1573; x_wconf 82' lang='lat' dir='ltr'><strong>ait.</strong></span> <span class='ocrx_word' id='word_1_121' title='bbox 218 1530 337 1575; x_wconf 72' lang='lat' dir='ltr'><strong>Adveniens</strong></span> <span class='ocrx_word' id='word_1_122' title='bbox 346 1532 448 1588; x_wconf 86' lang='lat' dir='ltr'><strong>equidem</strong></span> <span class='ocrx_word' id='word_1_123' title='bbox 458 1533 525 1575; x_wconf 80' lang='lat' dir='ltr'><strong>medo</strong></span> <span class='ocrx_word' id='word_1_124' title='bbox 534 1532 613 1589; x_wconf 77' lang='lat' dir='ltr'><strong>gaudia</strong></span> <span class='ocrx_word' id='word_1_125' title='bbox 623 1533 686 1589; x_wconf 82' lang='lat' dir='ltr'><strong>cepi,</strong></span> 
     </span>
     <span class='ocr_line' id='line_1_20' title="bbox 111 1605 714 1663; baseline 0.007 -17"><span class='ocrx_word' id='word_1_126' title='bbox 111 1606 187 1662; x_wconf 78' lang='lat' dir='ltr'><strong>Quum</strong></span> <span class='ocrx_word' id='word_1_127' title='bbox 197 1613 242 1648; x_wconf 82' lang='lat' dir='ltr'><strong>tem</strong></span> <span class='ocrx_word' id='word_1_128' title='bbox 252 1605 345 1661; x_wconf 79' lang='lat' dir='ltr'><strong>pulchra</strong></span> <span class='ocrx_word' id='word_1_129' title='bbox 354 1606 420 1657; x_wconf 82' lang='lat' dir='ltr'><strong>mihi,</strong></span> <span class='ocrx_word' id='word_1_130' title='bbox 433 1617 478 1649; x_wconf 79' lang='lat' dir='ltr'><strong>tem</strong></span> <span class='ocrx_word' id='word_1_131' title='bbox 487 1620 527 1663; x_wconf 80' lang='lat' dir='ltr'><strong>par</strong></span> <span class='ocrx_word' id='word_1_132' title='bbox 535 1616 597 1650; x_wconf 70' lang='lat' dir='ltr'><strong>etate</strong></span> <span class='ocrx_word' id='word_1_133' title='bbox 603 1605 714 1662; x_wconf 79' lang='lat' dir='ltr'><strong>juventus</strong></span> 
     </span>
     <span class='ocr_line' id='line_1_21' title="bbox 113 1679 652 1737; baseline -0.002 -15"><span class='ocrx_word' id='word_1_134' title='bbox 113 1679 180 1722; x_wconf 85' lang='lat' dir='ltr'><strong>Obvia</strong></span> <span class='ocrx_word' id='word_1_135' title='bbox 189 1680 304 1735; x_wconf 82' lang='lat' dir='ltr'><strong>processit:</strong></span> <span class='ocrx_word' id='word_1_136' title='bbox 315 1680 397 1725; x_wconf 89' lang='lat' dir='ltr'><strong>multos</strong></span> <span class='ocrx_word' id='word_1_137' title='bbox 407 1691 482 1724; x_wconf 85' lang='lat' dir='ltr'><strong>tamen</strong></span> <span class='ocrx_word' id='word_1_138' title='bbox 491 1681 541 1724; x_wconf 88' lang='lat' dir='ltr'><strong>inde</strong></span> <span class='ocrx_word' id='word_1_139' title='bbox 551 1681 652 1737; x_wconf 80' lang='lat' dir='ltr'><strong>requiro,</strong></span> 
     </span>
     <span class='ocr_line' id='line_1_22' title="bbox 113 1746 711 1814; baseline -0.002 -17"><span class='ocrx_word' id='word_1_140' title='bbox 113 1756 173 1810; x_wconf 77' lang='lat' dir='ltr'><strong>Quos</strong></span> <span class='ocrx_word' id='word_1_141' title='bbox 182 1755 294 1811; x_wconf 78' lang='lat' dir='ltr'><strong>quondum</strong></span> <span class='ocrx_word' id='word_1_142' title='bbox 304 1756 358 1809; x_wconf 81' lang='lat' dir='ltr'><strong>vidi,</strong></span> <span class='ocrx_word' id='word_1_143' title='bbox 368 1766 437 1800; x_wconf 79' lang='lat' dir='ltr'><strong>vestra</strong></span> <span class='ocrx_word' id='word_1_144' title='bbox 447 1757 508 1814; x_wconf 83' lang='lat' dir='ltr'><strong>prius</strong></span> <span class='ocrx_word' id='word_1_145' title='bbox 518 1757 572 1799; x_wconf 87' lang='lat' dir='ltr'><strong>urbe</strong></span> <span class='ocrx_word' id='word_1_146' title='bbox 581 1746 711 1812; x_wconf 75' lang='lat' dir='ltr'><strong>receptus.»</strong></span> 
     </span>
    </p>
   </div>
   <div class='ocr_carea' id='block_1_5' title="bbox 61 1902 761 2258">
    <p class='ocr_par' dir='ltr' id='par_1_12' title="bbox 112 1902 761 2038">
     <span class='ocr_line' id='line_1_23' title="bbox 112 1902 761 1962; baseline -0.012 -8"><span class='ocrx_word' id='word_1_147' title='bbox 112 1902 114 1907; x_wconf 69' lang='grc'><strong>’</strong></span> <span class='ocrx_word' id='word_1_148' title='bbox 144 1911 171 1954; x_wconf 83' lang='grc' dir='ltr'><strong>Χ.</strong></span> <span class='ocrx_word' id='word_1_149' title='bbox 185 1911 261 1951; x_wconf 77' lang='lat' dir='ltr'><strong>AEtcus</strong></span> <span class='ocrx_word' id='word_1_150' title='bbox 270 1904 388 1962; x_wconf 76' lang='lat' dir='ltr'><strong>ingemuit,</strong></span> <span class='ocrx_word' id='word_1_151' title='bbox 399 1906 498 1962; x_wconf 78' lang='lat' dir='ltr'><strong>tristique</strong></span> <span class='ocrx_word' id='word_1_152' title='bbox 508 1905 539 1949; x_wconf 82' lang='lat' dir='ltr'><strong>ita</strong></span> <span class='ocrx_word' id='word_1_153' title='bbox 548 1917 600 1947; x_wconf 83' lang='lat' dir='ltr'><strong>veee</strong></span> <span class='ocrx_word' id='word_1_154' title='bbox 609 1902 714 1947; x_wconf 84' lang='lat' dir='ltr'><strong>loeutus:</strong></span> <span class='ocrx_word' id='word_1_155' title='bbox 759 1926 761 1929; x_wconf 38' lang='lat' dir='ltr'>v</span> 
     </span>
     <span class='ocr_line' id='line_1_24' title="bbox 116 1979 698 2038; baseline -0.01 -11"><span class='ocrx_word' id='word_1_156' title='bbox 116 1982 213 2027; x_wconf 72' lang='lat' dir='ltr'><strong>«Flebile</strong></span> <span class='ocrx_word' id='word_1_157' title='bbox 222 1979 355 2038; x_wconf 84' lang='lat' dir='ltr'><strong>principium</strong></span> <span class='ocrx_word' id='word_1_158' title='bbox 365 1979 444 2022; x_wconf 87' lang='lat' dir='ltr'><strong>melior</strong></span> <span class='ocrx_word' id='word_1_159' title='bbox 454 1979 544 2023; x_wconf 77' lang='lat' dir='ltr'><strong>fortuna</strong></span> <span class='ocrx_word' id='word_1_160' title='bbox 552 1986 646 2034; x_wconf 88' lang='lat' dir='ltr'><strong>sequuta</strong></span> <span class='ocrx_word' id='word_1_161' title='bbox 655 1988 698 2021; x_wconf 91' lang='lat' dir='ltr'><strong>est.</strong></span> 
     </span>
    </p>

    <p class='ocr_par' dir='ltr' id='par_1_13' title="bbox 61 2050 761 2258">
     <span class='ocr_line' id='line_1_25' title="bbox 61 2050 698 2111; baseline -0.016 -8"><span class='ocrx_word' id='word_1_162' title='bbox 61 2058 64 2071; x_wconf 82' lang='lat'><em>&#39;</em></span> <span class='ocrx_word' id='word_1_163' title='bbox 88 2100 92 2104; x_wconf 95' lang='grc'><em>,</em></span> <span class='ocrx_word' id='word_1_164' title='bbox 116 2061 176 2102; x_wconf 81' lang='lat' dir='ltr'><strong>ilaue</strong></span> <span class='ocrx_word' id='word_1_165' title='bbox 186 2056 272 2099; x_wconf 82' lang='lat' dir='ltr'><strong>utinam</strong></span> <span class='ocrx_word' id='word_1_166' title='bbox 281 2068 367 2111; x_wconf 84' lang='lat' dir='ltr'><strong>possem</strong></span> <span class='ocrx_word' id='word_1_167' title='bbox 376 2053 438 2096; x_wconf 78' lang='lat' dir='ltr'><strong>vobis</strong></span> <span class='ocrx_word' id='word_1_168' title='bbox 448 2051 640 2097; x_wconf 82' lang='lat' dir='ltr'><strong>memerare!sine</strong></span> <span class='ocrx_word' id='word_1_169' title='bbox 649 2050 698 2094; x_wconf 84' lang='lat' dir='ltr'><strong>ullo</strong></span> 
     </span>
     <span class='ocr_line' id='line_1_26' title="bbox 117 2127 761 2184; baseline -0.005 -11"><span class='ocrx_word' id='word_1_170' title='bbox 117 2128 197 2174; x_wconf 88' lang='lat' dir='ltr'><strong>Ordine</strong></span> <span class='ocrx_word' id='word_1_171' title='bbox 206 2142 265 2171; x_wconf 89' lang='lat' dir='ltr'><strong>nune</strong></span> <span class='ocrx_word' id='word_1_172' title='bbox 275 2137 379 2184; x_wconf 84' lang='lat' dir='ltr'><strong>repetam.</strong></span> <span class='ocrx_word' id='word_1_173' title='bbox 389 2129 439 2170; x_wconf 85' lang='lat' dir='ltr'><strong>Neu</strong></span> <span class='ocrx_word' id='word_1_174' title='bbox 448 2127 512 2184; x_wconf 77' lang='lat' dir='ltr'><strong>lonqa</strong></span> <span class='ocrx_word' id='word_1_175' title='bbox 521 2127 613 2182; x_wconf 75' lang='lat' dir='ltr'><strong>ambage</strong></span> <span class='ocrx_word' id='word_1_176' title='bbox 623 2137 700 2167; x_wconf 82' lang='lat' dir='ltr'><strong>meret·</strong></span> <span class='ocrx_word' id='word_1_177' title='bbox 710 2140 761 2179; x_wconf 83' lang='lat' dir='ltr'><strong>vos;</strong></span> 
     </span>
     <span class='ocr_line' id='line_1_27' title="bbox 118 2199 733 2258; baseline -0.008 -10"><span class='ocrx_word' id='word_1_178' title='bbox 118 2206 169 2248; x_wconf 82' lang='lat' dir='ltr'><strong>Osse</strong></span> <span class='ocrx_word' id='word_1_179' title='bbox 179 2203 275 2258; x_wconf 87' lang='lat' dir='ltr'><strong>cinisque</strong></span> <span class='ocrx_word' id='word_1_180' title='bbox 281 2200 367 2257; x_wconf 77' lang='lat' dir='ltr'><strong>jacent,</strong></span> <span class='ocrx_word' id='word_1_181' title='bbox 379 2200 473 2246; x_wconf 84' lang='lat' dir='ltr'><strong>memori</strong></span> <span class='ocrx_word' id='word_1_182' title='bbox 483 2215 538 2257; x_wconf 87' lang='lat' dir='ltr'><strong>ques</strong></span> <span class='ocrx_word' id='word_1_183' title='bbox 548 2209 621 2243; x_wconf 90' lang='lat' dir='ltr'><strong>mente</strong></span> <span class='ocrx_word' id='word_1_184' title='bbox 631 2199 733 2255; x_wconf 65' lang='lat' dir='ltr'><strong>requiris</strong></span> 
     </span>
    </p>
   </div>
   <div class='ocr_carea' id='block_1_6' title="bbox 0 0 860 2592">
    <p class='ocr_par' dir='ltr' id='par_1_14' title="bbox 0 0 860 2592">
     <span class='ocr_line' id='line_1_28' title="bbox 0 0 860 2592; baseline 0 0"><span class='ocrx_word' id='word_1_185' title='bbox 0 0 860 2592; x_wconf 95' lang='lat' dir='ltr'><strong> </strong></span> 
     </span>
    </p>
   </div>
  </div>
 </body>
</html>
