1667 2592
76 211 95 239 v.
110 200 158 240 103.
319 199 420 242 alata
436 199 463 242 V.
671 202 709 254 143

76 286 130 329 lluic
139 285 238 329 Chromis
246 284 346 341 amplexo
359 285 456 329 tremulis
464 285 539 329 altaria
547 286 625 344 palmis

76 361 170 403 Demetit
178 374 228 403 ense
236 370 312 416 caput,
321 361 380 416 quod
389 360 488 416 protinus
497 361 572 404 incidit
581 375 633 413 πως

75 436 144 488 Atque
153 432 184 475 ihi
193 433 308 476 semanimi
318 434 382 476 rerba
391 434 521 477 exsecrantia
529 435 603 491 lingua
632 482 636 487 p

77 504 159 556 Edidit,
169 514 191 548 et
200 504 282 547 medios
291 504 389 547 animam
398 506 510 561 exspiravit
519 506 542 547 in
551 505 617 561 ignes.

77 577 130 619 llinc
139 578 220 633 gemini
232 577 319 628 fratros,
328 579 456 633 Broteasque
465 587 487 621 ct
495 579 594 621 caestibus
602 580 695 621 Ammon

76 652 164 703 invicti,
175 652 231 694 vinci
239 652 257 693 si
266 662 353 708 possent
361 652 461 695 cestibus
469 665 541 701 enses.

77 725 156 768 Pbinen
165 725 260 768 cecidere
269 739 348 767 manu:
358 725 482 780 Cererisque
491 725 588 767 sacerdos

77 802 198 854 Ampycus,
207 798 288 841 albenti
297 797 378 841 velatus
389 806 486 853 tempora
496 798 554 839 vitta.

77 870 219 925 aequoque,
228 869 332 925 lapetide‚
342 883 386 912 non
395 869 435 911 laos
444 869 578 912 adhibendus
587 867 610 910 in
620 881 684 913 usus:

78 944 118 985 Sed
127 943 177 999 qui,
187 943 245 999 pacis
254 957 319 999 opus,
328 944 434 987 citharam
444 957 495 986 cum
505 957 556 986 voce
565 957 671 989 moverem

76 1017 153 1059 Jnssus
161 1029 209 1058 eras
218 1016 324 1059 celebrare
332 1018 407 1073 dapes,
418 1016 540 1073 festumque
549 1017 651 1059 canendo.

77 1088 118 1132 Cui
128 1087 203 1145 procul
212 1089 315 1139 adstanti,
325 1089 473 1145 plectrumque
483 1089 569 1132 imbelle
579 1090 669 1137 tenenti.

77 1161 173 1204 Pettalus
181 1161 281 1212 irridens,
293 1161 386 1218 <Stygiis
395 1173 537 1214 cancroma,
546 1162 610 1212 dixit,

78 1234 192 1279 Manibus:
200 1252 211 1273 a
221 1245 243 1277 et
251 1234 303 1278 lavo
313 1248 440 1279 mucronem
450 1245 546 1291 ternpore
555 1235 608 1291 figit.

78 1310 190 1362 Concidit,
198 1319 220 1352 et
228 1309 299 1365 digitis
309 1310 452 1353 morientibus
461 1310 497 1352 ille
506 1318 596 1352 retentat

78 1381 124 1425 Fila
134 1381 195 1438 lyrae3
206 1395 299 1437 casuque
308 1382 365 1423 canit
375 1381 495 1423 miserabile
505 1394 599 1422 carmen.

110 1455 160 1496 Non
169 1453 219 1495 sinit
229 1453 288 1495 liunc
296 1453 386 1509 impune
395 1452 455 1495 ferox
464 1452 563 1495 cecidisse
571 1455 684 1509 Lycormas
693 1469 697 1492 ;

80 1529 193 1582 Raptaque
202 1526 229 1567 de
238 1526 312 1569 dextro
322 1527 411 1568 robusta
421 1525 522 1582 repagula
530 1526 585 1582 posti

80 1600 169 1642 Ossibus
179 1598 241 1641 illidit
251 1598 325 1640 mediae
334 1598 431 1650 cervicis;
442 1599 507 1643 atille

80 1672 200 1717 Procubuit
210 1681 280 1724 terrae,
291 1672 377 1715 mactati
388 1686 448 1714 more
453 1673 548 1729 juvenci.

79 1751 170 1792 Demere
181 1747 277 1788 tentabat
286 1745 331 1787 lavi
342 1760 429 1802 quoque
438 1748 515 1790 robora
525 1747 590 1803 postis

79 1819 200 1877 cinyphius
209 1818 299 1861 Pelates:
310 1819 400 1862 tentanti
409 1820 494 1863 dextera
504 1820 546 1862 lira
556 1829 588 1863 est

79 1894 173 1950 Cuspide
182 1893 316 1936 Marmaridae
324 1893 423 1951 Corythi,
432 1893 532 1950 lignoque
541 1892 633 1935 cohesit.

80 1965 173 2009 flarenti
183 1964 240 2008 latus
248 1964 320 2007 bausit
329 1965 396 2007 abas:
406 1978 445 2007 nec
454 1966 536 2008 corruit
544 1964 590 2016 ille;
601 1988 603 1997 ι

81 2040 122 2082 Sed
132 2038 238 2080 retinente
248 2050 339 2079 manum
349 2037 444 2080 moriens
452 2052 464 2079 e
473 2048 532 2093 poste
541 2035 647 2093 pependit.

81 2113 190 2155 Sternitur
198 2121 221 2154 et
230 2111 348 2160 Menalcas,
358 2111 439 2153 Perseia
448 2120 516 2153 castra
525 2120 622 2161 secutus,

81 2188 108 2230 Et
117 2184 269 2229 Nasamoniaci
279 2185 364 2240 Dorylas
373 2184 491 2227 ditissimus
500 2183 555 2236 apri3
