1667 2592
71 189 92 217 v.
103 178 155 231 4¹9·
295 175 395 218 LIBER
412 175 489 218 vm.
669 181 711 234 249

70 264 232 322 splendidaque
241 265 340 308 adversos
348 265 457 308 venabula
465 266 539 309 condit
547 265 570 308 in
579 280 659 309 armos.

29 368 33 373 -
72 340 157 382 Gaudia
167 347 273 382 testantur
282 339 334 381 socii
343 338 438 381 clamore
448 340 555 390 secundm

44 436 50 441 ,
71 412 233 468 Victricemque
242 422 320 469 petunt
328 413 407 454 dextre
415 411 547 468 conjungere
555 413 664 456 dextram:

74 489 242 541 immanemque
251 485 335 536 ferum,
345 484 415 527 muita
424 483 500 527 teiinre
506 484 628 541 jacentem,
690 492 692 495 '

72 560 177 603 Mirantes
185 569 294 617 spectant:
304 574 375 616 neque
383 560 455 603 adhuc
464 561 587 616 contingere
597 571 671 604 tutum

72 638 123 680 Esse
132 645 221 693 putant;
231 638 269 679 sed
278 635 320 679 tela
330 646 403 679 tamen
412 650 453 678 sua
461 635 553 691 quisque
562 647 683 681 cruentant.
721 672 724 678 ,

103 784 140 825 IX.
150 784 197 826 lest
205 783 259 839 pede
268 782 370 839 imposito
380 789 445 838 caput
454 782 562 825 exitiabiie
570 785 659 839 pressit:

73 858 144 912 Atque
153 856 195 908 ita,
206 857 289 899 «Sume
299 856 342 898 mei
351 855 458 911 spolium,
468 856 586 908 Nonacria,
595 857 663 912 juris,

74 930 142 988 iiixit3
152 939 174 972 et
181 930 204 972 in
213 940 298 986 partem
308 929 380 971 veniat
389 929 444 971 mihi
453 928 521 984 gioria
531 939 610 972 tecum.
619 948 631 968 n

73 1002 174 1045 Protinus
183 1002 281 1053 exuviae,
290 1001 364 1058 rigidis
372 1002 483 1045 horrentia
492 1002 541 1044 setis

72 1078 153 1132 Terga,
162 1077 210 1127 dat,
220 1086 241 1118 et
248 1075 332 1131 magnis
340 1075 432 1131 insignia
441 1076 543 1118 dentibus
552 1090 597 1119 ora.

71 1148 106 1191 nti
116 1148 194 1191 laetitiae
202 1158 235 1192 est
243 1162 295 1191 cum
304 1162 395 1191 munere
404 1149 501 1191 muneris
510 1160 593 1192 auctor.

73 1223 172 1267 invidere
182 1223 228 1274 aiii;
240 1232 327 1278 totoque
337 1233 382 1265 erat
392 1223 478 1278 agmine
488 1237 596 1267 murmur.

74 1297 92 1340 E
101 1295 192 1351 quibus,
201 1295 284 1351 ingenti
294 1294 403 1337 tendentes
412 1295 500 1336 brachia
510 1310 573 1346 voce,

74 1373 151 1413 «Pone
159 1385 209 1427 age,
218 1384 259 1412 nec
269 1369 343 1412 titulos
352 1369 466 1424 intercipe,
476 1369 569 1419 femina,
579 1381 676 1425 nostros,

73 1442 193 1487 Thestiadae
203 1442 310 1485 clamant:
320 1454 364 1483 neu
374 1450 393 1482 te
404 1440 483 1482 fiducia
493 1439 570 1484 formae

72 1516 180 1573 Decipiat;
191 1515 295 1572 longeque
305 1525 344 1558 tuo
353 1515 381 1557 sit
390 1524 466 1570 captus
475 1527 550 1557 amore

75 1594 158 1635 Auctor
165 1608 171 1642 ς
178 1608 189 1628 n
199 1600 221 1632 ct
230 1589 281 1632 huic
291 1589 392 1632 adimunt
402 1602 495 1639 munus,
501 1588 539 1646 jus
550 1593 646 1635 muneris
654 1578 693 1637 iiii.

59 1696 62 1699 -
74 1669 126 1711 Non
136 1665 196 1715 tuiit;
206 1674 227 1707 et
237 1664 321 1707 tumida
331 1662 432 1707 frendens
442 1665 610 1719 praemonstra,

74 1737 184 1788 «Discite,
194 1747 291 1793 raptores
300 1736 375 1787 alieni,
385 1736 450 1799 dixit,
460 1738 559 1790 honoris,

72 1816 137 1856 Facta
147 1811 213 1853 mints
221 1821 330 1867 quantum
339 1811 419 1854 distent
428 1828 432 1852 :
440 1828 451 1850 n
461 1812 576 1869 hausitque
585 1814 679 1857 nefando

72 1890 162 1929 Pectora
172 1883 276 1940 Plexippi,
286 1884 315 1927 nii
326 1884 367 1927 tale
378 1884 487 1936 timentia,
498 1885 561 1927 ferro.

71 1962 155 2006 Torea.
165 1959 218 2013 qnid
228 1957 305 2007 faciat,
314 1957 419 2007 dubium,
429 1959 552 2013 pariterque
561 1957 667 2002 volentem

74 2031 153 2075 Ulcisci
162 2030 264 2080 ἐνείκαι,
275 2029 413 2085 fraternaque
423 2029 469 2072 fata
479 2030 604 2081 timentem,

73 2105 138 2148 fland
147 2104 230 2160 patitur
238 2102 339 2146 dubitare
347 2103 385 2145 diu
394 2118 399 2143 z
411 2102 550 2156 calidumque
559 2103 624 2158 priori

72 2180 137 2224 (laede
147 2178 255 2220 recalfecit
263 2176 358 2219 consorti
366 2176 471 2231 sanguine
481 2176 556 2218 teiurn.

150 2264 191 2292 tir.
602 2261 626 2301 ις
