1667 2592
134 201 158 240 18
281 199 610 242 METAMORPHOSEON
684 213 706 241 v.
721 202 775 254 284.

127 289 253 342 Intremuit,
263 299 369 345 motuque
378 290 438 331 sinus
447 288 548 344 patefecit
557 300 672 343 aquarum.

127 363 247 418 Exspatiata
257 372 325 406 ruunt
334 376 372 418 per
380 372 465 418 apertos
474 361 566 404 flumina
575 375 675 417 campos;

127 438 225 490 Cumque
234 436 285 478 satis
294 436 383 477 arbusta
392 434 468 483 simul.
479 434 624 490 pecudesque,
634 434 753 492 virosque,

126 512 243 566 Tectaque,
253 522 347 565 cumque
357 510 401 552 suis
410 509 498 565 rapiunt
506 507 623 565 penetralia
632 509 708 552 sacris.

126 584 147 625 Si
157 597 200 639 qua
209 584 289 625 domuc
299 584 388 632 mansit,
397 583 511 638 potuitque
521 583 616 625 resistere
626 592 689 625 tanto

127 656 235 711 indejecta
245 655 314 706 maio,
324 656 411 698 culmen
422 665 494 697 tamcu
503 654 567 696 altior
576 654 642 710 hujus

126 730 186 771 Unda
197 729 259 785 tegit,
268 743 387 786 presseque
398 728 473 771 labant
481 729 522 770 sub
532 728 615 784 gurgite
625 738 705 771 turres.

152 805 244 858 Jamque
252 816 313 845 mare
322 812 344 845 ct
353 802 415 844 telius
425 800 512 843 nullum
522 801 638 843 discrimen
648 802 775 848 habebant.

126 878 203 919 Omnia
213 886 292 933 pontus
301 886 375 919 eraut:
386 877 475 918 deerant
484 889 571 931 quoque
580 875 643 918 litora
652 888 731 933 ponto.

125 953 220 1006 Occupat
229 952 263 993 hic
272 949 349 993 collem
358 965 362 989 :
373 950 451 1007 cymba
461 951 519 992 sedet
528 950 582 992 aiter
591 951 687 1001 adunca.

125 1027 150 1067 Et
159 1024 219 1067 ducit
228 1037 298 1067 mutos
307 1025 362 1074 illic,
372 1024 409 1066 ubi
420 1038 490 1080 nuper
498 1034 575 1066 ararat

125 1096 162 1139 llic
171 1110 235 1152 supra
245 1107 336 1152 segetes,
345 1106 384 1139 aut
393 1110 467 1138 mersae
476 1096 574 1139 culmina
583 1095 647 1146 villae,

127 1171 229 1226 Navigat:
239 1170 275 1212 hic
284 1184 371 1213 summa
380 1170 461 1226 piscem
471 1170 584 1226 deprendit
592 1170 614 1212 in
625 1170 695 1214 ultum

125 1245 207 1301 Figitur
215 1245 237 1286 in
248 1245 320 1295 viridi,
330 1245 348 1286 si
358 1244 402 1286 fors
412 1243 473 1294 tulit,
482 1258 560 1287 ancora
571 1253 647 1300 prato:

124 1321 165 1362 Aut
175 1317 272 1374 subjecta
282 1328 354 1361 terunt
363 1331 433 1360 curva
443 1317 514 1360 vineta
523 1317 607 1360 carine.

124 1396 149 1437 Et
158 1394 234 1444 modo,
244 1408 288 1449 qua
296 1390 383 1450 graciles
392 1407 481 1454 granmn
490 1406 587 1446 carpsere
596 1392 693 1448 capelle,

123 1468 187 1509 Nunc
196 1466 226 1508 ibi
235 1464 343 1508 deformes
352 1476 438 1521 ponunt
447 1480 486 1507 sua
494 1476 585 1521 corpora
594 1466 675 1520 phocae.

123 1539 230 1582 Mirantur
238 1539 278 1581 sub
288 1552 344 1593 aqua
353 1538 424 1588 lucos,
434 1539 552 1593 urbesque,
562 1539 683 1595 domosque

123 1612 236 1655 Nereides:
246 1611 351 1666 silvasque
361 1621 433 1654 tenent
443 1611 563 1667 delphines,
574 1621 595 1654 et
604 1611 652 1655 aitis

122 1688 234 1728 lucunaut
244 1685 321 1733 ramis,
330 1686 453 1741 agitataque
463 1686 540 1728 robora
549 1685 644 1742 pulsant.

123 1761 166 1802 Nat
175 1758 239 1815 lupus
248 1760 304 1801 inter
312 1772 374 1801 oves:
384 1758 455 1801 fidens
465 1758 522 1801 vehit
531 1759 590 1801 unda
598 1759 670 1803 leones
679 1775 684 1799 :

123 1832 184 1874 Unda
193 1830 251 1873 vehit
261 1831 336 1885 tigres:
346 1820 386 1872 nec
396 1830 449 1872 viret
459 1830 557 1872 fulminis
567 1844 631 1886 apro,

122 1907 191 1949 Crura
199 1918 238 1946 nec
248 1903 320 1946 ablato
329 1913 421 1959 prosunt
430 1903 509 1945 velocia
518 1917 587 1946 cervo.

122 1979 262 2038 qnestusque
270 1978 308 2020 diu
318 1977 389 2026 terris,
399 1978 437 2020 ubi
446 1978 514 2020 sidere
522 1978 592 2029 detur,

123 2059 148 2098 ln
158 2068 218 2097 mare
227 2053 309 2097 mutis
319 2053 409 2095 volucris
420 2066 472 2109 vaga
480 2052 558 2095 decidit
567 2052 613 2095 alis.

122 2129 228 2171 Obruerat
238 2125 335 2171 tumulos
344 2125 451 2167 immensa
460 2125 545 2167 licentia
555 2125 627 2182 ponti,

123 2200 281 2257 Puletbantque
288 2199 339 2243 novi
348 2208 452 2242 montana
460 2199 573 2241 cacumina
583 2198 669 2242 fluctus.
