1667 2592
113 163 152 204 rob
261 159 592 222 Marauortrposaort
678 162 746 215 ηδ.

109 269 120 291 a
127 251 211 301 invide,
220 250 331 302 dicebant,
341 250 423 306 paries,
432 249 486 305 quid
504 249 628 293 amantibus
638 251 722 304 obstas,

108 327 220 383 Quantum
229 334 286 376 erat,
296 333 322 366 ut
332 324 411 366 sineres
422 337 461 365 uos
472 333 516 367 toto
527 337 616 379 corpore
622 324 698 380 jungi!

106 401 149 443 Aut
158 400 199 441 hoe
209 399 227 441 si
236 399 342 451 nimium,
352 399 384 441 vel
393 400 421 441 ad
431 398 504 441 oscula
513 399 584 441 danda
593 400 688 454 pateres!

107 475 153 515 Nec
161 487 238 515 sumus
248 473 336 529 ingrati:
350 473 388 515 tibi
397 486 438 515 nos
447 473 525 515 debere
535 471 641 523 fatemur,

107 546 171 603 Quod
180 546 243 587 datus
253 556 285 588 est
294 545 363 587 verbis
372 546 400 587 ad
409 545 490 587 amicas
500 543 603 587 transitus
611 558 699 588 aures.»

90 609 92 612 Α
107 616 167 659 Talia
176 617 259 659 diversa
268 617 416 672 nequidquam
426 618 475 659 sede
483 616 562 667 locuti,

109 691 154 732 Sub
163 702 249 733 noctem
259 691 330 733 dixere
341 691 403 741 Vale,
414 691 512 746 partique
521 690 598 733 dedere

109 762 185 806 Oscula
194 764 285 820 quisque
294 778 349 813 sute,
359 778 404 806 nou
413 763 560 820 pervenientia
570 773 654 806 eontra.

137 840 223 880 Postera
233 848 350 880 nocturnos
357 840 439 880 Aurora
449 846 570 879 removerat
581 837 652 893 ignes,

108 911 187 967 Solque
196 912 308 968 pruinosas
319 911 383 953 radiis
391 911 509 954 siccaverat
517 911 595 953 herbas
603 927 608 953 z

109 987 141 1030 Ad
151 986 240 1029 solitum
250 987 319 1028 coiere
328 986 408 1029 locum.
418 987 476 1028 'lum
485 999 600 1029 murmure
609 999 675 1043 parvo

111 1059 180 1102 Multa
190 1060 249 1115 prius
259 1060 339 1114 questi,
350 1068 460 1110 statuunt,
471 1069 496 1102 ut
505 1069 568 1102 nocte
577 1059 648 1103 silenti

111 1133 191 1176 Fallere
201 1134 310 1184 custodes,
322 1132 448 1188 foribusque
458 1133 558 1175 excedere
568 1142 661 1184 tentent;

111 1210 229 1265 Quumque
234 1210 299 1251 domo
305 1207 400 1259 exieriut,
407 1208 467 1250 urbis
472 1221 558 1263 quoque
564 1207 657 1250 claustra
662 1206 795 1264 relinquant:

111 1285 170 1327 Neve
178 1284 207 1328 sir
215 1284 333 1326 errandum
343 1282 386 1326 lato
395 1283 539 1339 spatiantibus
548 1296 611 1333 arvo,

110 1359 245 1402 Conveniant
254 1360 281 1400 ad
291 1359 354 1401 busta
364 1357 426 1407 Nini,
436 1356 559 1411 lateantque
568 1356 609 1397 sub
619 1356 700 1398 umbra

110 1432 204 1474 Arboris.
213 1431 282 1474 Arbor
291 1430 333 1482 ibi,
342 1430 409 1473 niveis
420 1428 530 1471 uberrima
539 1427 621 1484 pomis,

109 1507 181 1548 Ardua
191 1519 266 1548 morus
275 1515 331 1554 erat,
341 1503 410 1560 gelido
420 1503 555 1546 contermina
564 1501 627 1545 fonti.

110 1581 173 1622 Pacta
182 1578 267 1635 placent
275 1595 283 1629 ε,
290 1587 312 1621 et
320 1577 368 1628 lux,
379 1577 439 1619 tarde
448 1576 549 1618 decedere
558 1575 614 1627 visa,

110 1651 256 1706 Pracipitatur
264 1649 336 1705 aquis,
346 1659 368 1691 et
376 1649 438 1704 aquis
447 1662 489 1690 nox
500 1648 569 1704 surgit
577 1648 605 1690 ab
614 1647 691 1701 isdem,

110 1723 191 1768 Callida
200 1737 238 1779 per
248 1723 356 1773 tenebras,
366 1732 449 1765 versato
458 1721 556 1772 cardine,
565 1721 644 1764 Thisbe

110 1797 233 1854 Egreditur,
243 1795 340 1851 fallitque
349 1809 409 1847 suos;
420 1796 565 1851 adopertaque
574 1793 661 1837 vultum

109 1873 207 1916 Pervenit
215 1872 242 1913 ad
252 1870 375 1919 tumulum,-
385 1870 485 1925 dictaque
494 1869 534 1930 sub
544 1869 621 1910 arbore
630 1868 693 1911 sedit.

110 1947 218 1990 Audacem
227 1943 319 1986 faciebat
328 1956 397 1984 amor.
407 1942 472 1984 Venit
481 1956 529 1985 ecce
539 1941 618 1983 recenti

110 2022 171 2064 Caede
180 2020 245 2062 leaeua
254 2019 323 2060 boum
333 2027 460 2073 spumantes
470 2015 537 2059 oblita
546 2016 624 2068 rictus,

111 2094 237 2152 Depositura
247 2092 305 2135 sitim
316 2091 380 2133 vicini
390 2090 457 2133 fontis
466 2090 489 2132 in
499 2090 565 2133 unda.

108 2169 179 2228 Quam
188 2165 264 2224 procul
273 2167 300 2209 ad
310 2166 367 2208 lunae
376 2163 448 2208 radios
456 2163 572 2222 Babylonia
581 2162 660 2207 Thisbe
